
  <record>
    <leader>01000aam  22002601a 4500</leader>
    <controlfield tag="001">YPZ96352</controlfield>
    <controlfield tag="003">YPZ</controlfield>
    <controlfield tag="005">201210261501200</controlfield>
    <controlfield tag="008">121026|###########||||||b||||||||||spa|d</controlfield>
    <datafield tag="020" ind1=" " ind2=" ">
      <subfield code="a">9789872798208 (t.1)</subfield>
    </datafield>
    <datafield tag="020" ind1=" " ind2=" ">
      <subfield code="a">9789872798215 (t.2)</subfield>
    </datafield>
    <datafield tag="040" ind1=" " ind2=" ">
      <subfield code="c">SIUNPA</subfield>
    </datafield>
    <datafield tag="041" ind1=" " ind2=" ">
      <subfield code="a">spa</subfield>
    </datafield>
    <datafield tag="044" ind1=" " ind2=" ">
      <subfield code="a">AR</subfield>
    </datafield>
    <datafield tag="082" ind1=" " ind2=" ">
      <subfield code="a">378.4 E563b Sur</subfield>
    </datafield>
    <datafield tag="110" ind1=" " ind2=" ">
      <subfield code="a">Encuentros Binacionales de Jóvenes Investigadores del Bicentenario Argentino-Chileno (2010 : El Calafate).</subfield>
    </datafield>
    <datafield tag="710" ind1=" " ind2=" ">
      <subfield code="a">Universidad Nacional de la Patagonia Austral, org..</subfield>
    </datafield>
    <datafield tag="245" ind1=" " ind2=" ">
      <subfield code="a">Encuentros binacionales de jóvenes investigadores del bicentenario argentino-chileno 2010</subfield>
      <subfield code="b"> : encuentro Sur</subfield>
    </datafield>
    <datafield tag="260" ind1=" " ind2=" ">
      <subfield code="a">La Plata</subfield>
      <subfield code="b"> : Pronto Gráfica</subfield>
      <subfield code="c"> , 2011</subfield>
    </datafield>
    <datafield tag="300" ind1=" " ind2=" ">
      <subfield code="a">92 p. : </subfield>
      <subfield code="a">127 p. : </subfield>
      <subfield code="a">2 v. : </subfield>
      <subfield code="a">121 p. : </subfield>
      <subfield code="a">129 p. : </subfield>
      <subfield code="a">166 p. : </subfield>
      <subfield code="a">139 p. : </subfield>
      <subfield code="a">94 p. : </subfield>
      <subfield code="b">il. ; </subfield>
      <subfield code="a">145 p. : </subfield>
      <subfield code="a">116 p. : </subfield>
      <subfield code="a">191 p. : </subfield>
      <subfield code="a">2 v. : </subfield>
      <subfield code="a">129 p. : </subfield>
      <subfield code="a">127 p. : </subfield>
      <subfield code="a">2 v. : </subfield>
      <subfield code="a">127 p. : </subfield>
      <subfield code="a">150 p. : </subfield>
      <subfield code="a">2 v. : </subfield>
      <subfield code="a">191 p. : </subfield>
      <subfield code="a">2 v. : </subfield>
      <subfield code="b">il. ; </subfield>
      <subfield code="a">143 p. : </subfield>
      <subfield code="a">2 v. : </subfield>
      <subfield code="a">129 p. : </subfield>
      <subfield code="a">129 p. : </subfield>
      <subfield code="a">v. : </subfield>
      <subfield code="b">il. ; </subfield>
      <subfield code="a">146 p. : </subfield>
      <subfield code="a">177 p. : </subfield>
      <subfield code="a">80 p. : </subfield>
      <subfield code="a">238 p. : </subfield>
      <subfield code="a">103 p. : </subfield>
      <subfield code="a">94 p. : </subfield>
      <subfield code="a">383 p. : </subfield>
      <subfield code="b">il. ; </subfield>
      <subfield code="a">179 p. : </subfield>
      <subfield code="a">xxxviii, 253 p. : </subfield>
      <subfield code="a">3 v. : </subfield>
      <subfield code="b">il. ; </subfield>
      <subfield code="a">108 p. : </subfield>
      <subfield code="a">79 p. : </subfield>
      <subfield code="a">61 p. : </subfield>
      <subfield code="a">v. : </subfield>
      <subfield code="a">302 p. : </subfield>
      <subfield code="a">287 p. : </subfield>
      <subfield code="a">125 p. : </subfield>
      <subfield code="a">121 p. : </subfield>
      <subfield code="a">120 p. : </subfield>
      <subfield code="a">140 p. : </subfield>
      <subfield code="a">140 p. : </subfield>
      <subfield code="a">414 p. : </subfield>
      <subfield code="b">il. ; </subfield>
      <subfield code="a">xxiii, 205 p. : </subfield>
      <subfield code="b">il ; </subfield>
      <subfield code="a">127 p. : </subfield>
      <subfield code="a">xv, 174 p. : </subfield>
      <subfield code="a">xxi, 263 p. : </subfield>
      <subfield code="a">125 p. : </subfield>
      <subfield code="a">v, 193 p. : </subfield>
      <subfield code="a">1124 p. : </subfield>
      <subfield code="a">v, 201 p. : </subfield>
      <subfield code="a">260 p. : </subfield>
      <subfield code="a">261 p. : </subfield>
      <subfield code="a">167 p. : </subfield>
      <subfield code="a">389 p. : </subfield>
      <subfield code="a">120 p. : </subfield>
      <subfield code="b">il. ; </subfield>
      <subfield code="a">84 p. : </subfield>
      <subfield code="a">216 p. : </subfield>
      <subfield code="a">2 v. : </subfield>
      <subfield code="a">287 p. : </subfield>
      <subfield code="a">111 p. : </subfield>
      <subfield code="a">82 p. : </subfield>
      <subfield code="a">299 p. : </subfield>
      <subfield code="b">il. ; </subfield>
      <subfield code="a">116 p. : </subfield>
      <subfield code="a">147 p. : </subfield>
      <subfield code="b">il. ; </subfield>
      <subfield code="a">178 p. : </subfield>
      <subfield code="b">il. ; </subfield>
      <subfield code="a">v. : </subfield>
      <subfield code="a">58 p. : </subfield>
      <subfield code="a">251 p. : </subfield>
      <subfield code="a">151 p. : </subfield>
      <subfield code="a">173 p. : </subfield>
      <subfield code="a">207 p. : </subfield>
      <subfield code="a">165 p. : </subfield>
      <subfield code="a">2 v. : </subfield>
      <subfield code="b">il. ; </subfield>
      <subfield code="e">1 CD-ROM</subfield>
    </datafield>
    <datafield tag="500" ind1=" " ind2=" ">
      <subfield code="a">Dato del ISBN tomado de Librosar</subfield>
    </datafield>
    <datafield tag="942" ind1=" " ind2=" ">
      <subfield code="c">BK</subfield>
    </datafield>
    <datafield tag="952" ind1=" " ind2=" ">
      <subfield code="a">BIB_UARG</subfield>
      <subfield code="b">BIB_UARG</subfield>
      <subfield code="d">2012-10-19</subfield>
      <subfield code="y">BK</subfield>
      <subfield code="p">05-43293</subfield>
    </datafield>
    <datafield tag="952" ind1=" " ind2=" ">
      <subfield code="a">BIB_UARG</subfield>
      <subfield code="b">BIB_UARG</subfield>
      <subfield code="d">2012-10-19</subfield>
      <subfield code="y">BK</subfield>
      <subfield code="p">05-43294</subfield>
    </datafield>
  </record>