
  <record>
    <leader>01000aam  22002601a 4500</leader>
    <controlfield tag="001">YPZ96398</controlfield>
    <controlfield tag="003">YPZ</controlfield>
    <controlfield tag="005">201210301627000</controlfield>
    <controlfield tag="008">121030|###########||||||b||||||||||spa|d</controlfield>
    <datafield tag="040" ind1=" " ind2=" ">
      <subfield code="c">SIUNPA</subfield>
    </datafield>
    <datafield tag="041" ind1=" " ind2=" ">
      <subfield code="a">spa</subfield>
    </datafield>
    <datafield tag="044" ind1=" " ind2=" ">
      <subfield code="a">AR</subfield>
    </datafield>
    <datafield tag="082" ind1=" " ind2=" ">
      <subfield code="a">821.134.2(82) A811p</subfield>
    </datafield>
    <datafield tag="100" ind1=" " ind2=" ">
      <subfield code="a">Ascasubi, Hilario.</subfield>
    </datafield>
    <datafield tag="245" ind1=" " ind2=" ">
      <subfield code="a">Paulino Lucero</subfield>
      <subfield code="c"> / Borges, Jorge Luis, selección y presentación</subfield>
    </datafield>
    <datafield tag="250" ind1=" " ind2=" ">
      <subfield code="a">4a ed.</subfield>
    </datafield>
    <datafield tag="260" ind1=" " ind2=" ">
      <subfield code="a">Buenos Aires</subfield>
      <subfield code="b"> : Eudeba</subfield>
      <subfield code="c"> , 1969</subfield>
    </datafield>
    <datafield tag="440" ind1=" " ind2=" ">
      <subfield code="a">Serie del siglo y medio</subfield>
      <subfield code="v">15</subfield>
    </datafield>
    <datafield tag="490" ind1=" " ind2=" ">
      <subfield code="a">Serie del siglo y medio</subfield>
      <subfield code="v">15</subfield>
    </datafield>
    <datafield tag="505" ind1="0" ind2="0">
      <subfield code="g">p. 15-84</subfield>
      <subfield code="g">- LITERATURA ARGENTINA|- POESIA</subfield>
      <subfield code="r">Ascasubi, Hilario</subfield>
      <subfield code="t">Paulino Lucero</subfield>
    </datafield>
    <datafield tag="505" ind1="0" ind2="0">
      <subfield code="g">p. 87-167</subfield>
      <subfield code="g">- LITERATURA ARGENTINA|- POESIA</subfield>
      <subfield code="r">Ascasubi, Hilario</subfield>
      <subfield code="t">Aniceto el Gallo</subfield>
    </datafield>
    <datafield tag="505" ind1="0" ind2="0">
      <subfield code="g">p. 171-188</subfield>
      <subfield code="g">- LITERATURA ARGENTINA|- POESIA</subfield>
      <subfield code="r">Ascasubi, Hilario</subfield>
      <subfield code="t">Santos Vega (selección)</subfield>
    </datafield>
    <datafield tag="773" ind1="0" ind2="#">
      <subfield code="a">Ascasubi, Hilario</subfield>
      <subfield code="g">- LITERATURA ARGENTINA|- POESIA</subfield>
      <subfield code="h">p. 15-84</subfield>
      <subfield code="t">Paulino Lucero</subfield>
    </datafield>
    <datafield tag="773" ind1="0" ind2="#">
      <subfield code="a">Ascasubi, Hilario</subfield>
      <subfield code="g">- LITERATURA ARGENTINA|- POESIA</subfield>
      <subfield code="h">p. 87-167</subfield>
      <subfield code="t">Aniceto el Gallo</subfield>
    </datafield>
    <datafield tag="773" ind1="0" ind2="#">
      <subfield code="a">Ascasubi, Hilario</subfield>
      <subfield code="g">- LITERATURA ARGENTINA|- POESIA</subfield>
      <subfield code="h">p. 171-188</subfield>
      <subfield code="t">Santos Vega (selección)</subfield>
    </datafield>
    <datafield tag="942" ind1=" " ind2=" ">
      <subfield code="c">BK</subfield>
    </datafield>
    <datafield tag="952" ind1=" " ind2=" ">
      <subfield code="a">BIB_UARG</subfield>
      <subfield code="b">BIB_UARG</subfield>
      <subfield code="d">2012-10-30</subfield>
      <subfield code="y">BK</subfield>
      <subfield code="p">05-01012</subfield>
    </datafield>
  </record>