
  <record>
    <leader>01000aam  22002601a 4500</leader>
    <controlfield tag="001">YPZ96433</controlfield>
    <controlfield tag="003">YPZ</controlfield>
    <controlfield tag="005">201211011542170</controlfield>
    <controlfield tag="008">121101|###########||||||b||||||||||spa|d</controlfield>
    <datafield tag="020" ind1=" " ind2=" ">
      <subfield code="a">9789871623457</subfield>
    </datafield>
    <datafield tag="040" ind1=" " ind2=" ">
      <subfield code="c">SIUNPA</subfield>
    </datafield>
    <datafield tag="041" ind1=" " ind2=" ">
      <subfield code="a">spa</subfield>
    </datafield>
    <datafield tag="044" ind1=" " ind2=" ">
      <subfield code="a">AR</subfield>
    </datafield>
    <datafield tag="082" ind1=" " ind2=" ">
      <subfield code="a">633.11 C313t2</subfield>
    </datafield>
    <datafield tag="100" ind1=" " ind2=" ">
      <subfield code="a">Carrasco, Natalia.</subfield>
    </datafield>
    <datafield tag="700" ind1=" " ind2=" ">
      <subfield code="a">Báez, Agustín.</subfield>
    </datafield>
    <datafield tag="700" ind1=" " ind2=" ">
      <subfield code="a">Belmonte, María Laura.</subfield>
    </datafield>
    <datafield tag="245" ind1=" " ind2=" ">
      <subfield code="a">Trigo</subfield>
      <subfield code="b"> : manual de campo</subfield>
      <subfield code="c"> / Bellini Saibene, Yanina, colab. ; Coma, Carlos, colab. ; Couderc, Jorge, colab. ; Farrell, Mauricio, colab. ; Fuentes, María Elena, colab. ; Garay, Jorge, colab. ; Labarthe, Federico, colab. ; Lorda, Héctor, colab. ; Marinissen, Ángel, colab. ; Massigoge, José, colab. ; Miravalles, Marta, colab. ; Montoya, Jorgelina, colab. ; Pérez Fernández, Jesús, colab. ; Quiroga, Alberto, colab. ; Rodríguez, Nicasio, colab. ; Ross, Fernando, colab. ; Scappini, Elena, colab. ; Sipowicz, Andrés, colab. ; Ves Losada, Julio, colab. ; Vigna, Mario, colab.</subfield>
    </datafield>
    <datafield tag="250" ind1=" " ind2=" ">
      <subfield code="a">2a ed.</subfield>
    </datafield>
    <datafield tag="260" ind1=" " ind2=" ">
      <subfield code="a">Buenos Aires</subfield>
      <subfield code="b"> : INTA</subfield>
      <subfield code="c"> , 2005</subfield>
    </datafield>
    <datafield tag="942" ind1=" " ind2=" ">
      <subfield code="c">BK</subfield>
    </datafield>
    <datafield tag="952" ind1=" " ind2=" ">
      <subfield code="a">BIB_UARG</subfield>
      <subfield code="b">BIB_UARG</subfield>
      <subfield code="d">2012-10-30</subfield>
      <subfield code="y">BK</subfield>
      <subfield code="p">05-43376</subfield>
    </datafield>
    <datafield tag="952" ind1=" " ind2=" ">
      <subfield code="a">BIB_UARG</subfield>
      <subfield code="b">BIB_UARG</subfield>
      <subfield code="d">2013-03-11</subfield>
      <subfield code="y">BK</subfield>
      <subfield code="p">05-44163</subfield>
    </datafield>
  </record>