
  <record>
    <leader>01000aam  22002601a 4500</leader>
    <controlfield tag="001">YPZ96441</controlfield>
    <controlfield tag="003">YPZ</controlfield>
    <controlfield tag="005">201211021340070</controlfield>
    <controlfield tag="008">121102|###########||||||b||||||||||spa|d</controlfield>
    <datafield tag="020" ind1=" " ind2=" ">
      <subfield code="a">9789876790307</subfield>
    </datafield>
    <datafield tag="040" ind1=" " ind2=" ">
      <subfield code="c">SIUNPA</subfield>
    </datafield>
    <datafield tag="041" ind1=" " ind2=" ">
      <subfield code="a">spa</subfield>
    </datafield>
    <datafield tag="044" ind1=" " ind2=" ">
      <subfield code="a">AR</subfield>
    </datafield>
    <datafield tag="082" ind1=" " ind2=" ">
      <subfield code="a">628.11 G216s</subfield>
    </datafield>
    <datafield tag="100" ind1=" " ind2=" ">
      <subfield code="a">García, José Antonio.</subfield>
    </datafield>
    <datafield tag="700" ind1=" " ind2=" ">
      <subfield code="a">Zamora Gómez, Juan Pablo.</subfield>
    </datafield>
    <datafield tag="700" ind1=" " ind2=" ">
      <subfield code="a">Bilbao, Lucas Nicolás.</subfield>
    </datafield>
    <datafield tag="110" ind1=" " ind2=" ">
      <subfield code="a">INTA. Centro de Investigación y Desarrollo Tecnológico para la Pequeña Agricultura Familiar, CIFAP.</subfield>
    </datafield>
    <datafield tag="245" ind1=" " ind2=" ">
      <subfield code="a">Sistema de captaciones de agua en manantiales y pequeñas quebradas para la región andina</subfield>
      <subfield code="c"> / Quiroga, Eduardo, dibujo ; Godoy Garraza, Gastón, dibujo ; Gazzotti, Juan Ignacio, colab. ; Furlán, Natalia, colab. ; Guzmán, Pablo Sebastián, colab. ; Narmona, Luis, colab. ; Barreto, Diego, colab. ; Díaz, Lucas, colab. ; Abdo, Ernesto, colab. ; Flores, Abelardo, colab. ; Valdiviezo, Julio César</subfield>
    </datafield>
    <datafield tag="260" ind1=" " ind2=" ">
      <subfield code="a">Buenos Aires</subfield>
      <subfield code="b"> : INTA</subfield>
      <subfield code="c"> , 2011</subfield>
    </datafield>
    <datafield tag="440" ind1=" " ind2=" ">
      <subfield code="a">Serie Ciencias Naturales / Universitas</subfield>
      <subfield code="a">Colección agricultura familiar</subfield>
      <subfield code="v">08</subfield>
    </datafield>
    <datafield tag="490" ind1=" " ind2=" ">
      <subfield code="a">Serie Ciencias Naturales / Universitas</subfield>
      <subfield code="a">Colección agricultura familiar</subfield>
      <subfield code="v">08</subfield>
    </datafield>
    <datafield tag="942" ind1=" " ind2=" ">
      <subfield code="c">BK</subfield>
    </datafield>
    <datafield tag="952" ind1=" " ind2=" ">
      <subfield code="a">BIB_UARG</subfield>
      <subfield code="b">BIB_UARG</subfield>
      <subfield code="d">2012-10-30</subfield>
      <subfield code="y">BK</subfield>
      <subfield code="p">05-43377</subfield>
    </datafield>
  </record>