
  <record>
    <leader>01000aam  22002601a 4500</leader>
    <controlfield tag="001">YPZ96475</controlfield>
    <controlfield tag="003">YPZ</controlfield>
    <controlfield tag="005">201211061923130</controlfield>
    <controlfield tag="008">121106|###########||||||b||||||||||spa|d</controlfield>
    <datafield tag="040" ind1=" " ind2=" ">
      <subfield code="c">SIUNPA</subfield>
    </datafield>
    <datafield tag="041" ind1=" " ind2=" ">
      <subfield code="a">spa</subfield>
    </datafield>
    <datafield tag="044" ind1=" " ind2=" ">
      <subfield code="a">US</subfield>
    </datafield>
    <datafield tag="082" ind1=" " ind2=" ">
      <subfield code="a">378.4 A939a</subfield>
    </datafield>
    <datafield tag="245" ind1=" " ind2=" ">
      <subfield code="a">Autonomía universitaria</subfield>
      <subfield code="b"> : tensiones y esperanzas</subfield>
      <subfield code="c"> / Britto, Luiz Navarro de, ed. ; Valle, Víctor, ed.</subfield>
    </datafield>
    <datafield tag="260" ind1=" " ind2=" ">
      <subfield code="a">Washington, D.C.</subfield>
      <subfield code="b"> : Departamento de Asuntos Educativos, Organización de los Estados Americanos, OEA</subfield>
      <subfield code="c"> , 1986</subfield>
    </datafield>
    <datafield tag="440" ind1=" " ind2=" ">
      <subfield code="a">Coleção Educação contemporânea</subfield>
      <subfield code="a">Programa Regional de Desarrollo Educativo. Serie universidad</subfield>
      <subfield code="v">no. 1</subfield>
    </datafield>
    <datafield tag="490" ind1=" " ind2=" ">
      <subfield code="a">Coleção Educação contemporânea</subfield>
      <subfield code="a">Programa Regional de Desarrollo Educativo. Serie universidad</subfield>
      <subfield code="v">no. 1</subfield>
    </datafield>
    <datafield tag="942" ind1=" " ind2=" ">
      <subfield code="c">BK</subfield>
    </datafield>
    <datafield tag="952" ind1=" " ind2=" ">
      <subfield code="a">BIB_UASJ</subfield>
      <subfield code="b">BIB_UASJ</subfield>
      <subfield code="d">2012-11-06</subfield>
      <subfield code="y">BK</subfield>
      <subfield code="p">04-43432</subfield>
    </datafield>
  </record>