
  <record>
    <leader>01000aam  22002601a 4500</leader>
    <controlfield tag="001">YPZ96478</controlfield>
    <controlfield tag="003">YPZ</controlfield>
    <controlfield tag="005">201211071408590</controlfield>
    <controlfield tag="008">121107|###########||||||b||||||||||spa|d</controlfield>
    <datafield tag="020" ind1=" " ind2=" ">
      <subfield code="a">9879173244</subfield>
    </datafield>
    <datafield tag="040" ind1=" " ind2=" ">
      <subfield code="c">SIUNPA</subfield>
    </datafield>
    <datafield tag="041" ind1=" " ind2=" ">
      <subfield code="a">spa</subfield>
    </datafield>
    <datafield tag="044" ind1=" " ind2=" ">
      <subfield code="a">AR</subfield>
    </datafield>
    <datafield tag="082" ind1=" " ind2=" ">
      <subfield code="a">378(82)(091) G984n</subfield>
    </datafield>
    <datafield tag="100" ind1=" " ind2=" ">
      <subfield code="a">Gutiérrez, Juan María.</subfield>
    </datafield>
    <datafield tag="245" ind1=" " ind2=" ">
      <subfield code="a">Noticias históricas sobre el origen y desarrollo de la enseñanza pública superior en Buenos Aires</subfield>
      <subfield code="b"> : desde la época de la extinción de la Compañía de Jesús en el año 1767, hasta poco después de fundada la universidad en 1821; con notas, biografías, datos estadísticos y documentos curiosos, inéditos o poco conocidos. 1868</subfield>
      <subfield code="c"> / Alberdi, Juan B., estudio prelim. ; Myers, Jorge E., presentación</subfield>
    </datafield>
    <datafield tag="260" ind1=" " ind2=" ">
      <subfield code="a">Bernal</subfield>
      <subfield code="b"> : Universidad Nacional de Quilmes</subfield>
      <subfield code="c"> , 1998</subfield>
    </datafield>
    <datafield tag="500" ind1=" " ind2=" ">
      <subfield code="a">En portada: Texto reordenado para la presente reedición - Obra publicada a expensas del Tesoro de la provincia de Buenos Aires por la disposición del gobierno del sr. Dr. don Adolfo Alsina</subfield>
    </datafield>
    <datafield tag="942" ind1=" " ind2=" ">
      <subfield code="c">BK</subfield>
    </datafield>
    <datafield tag="952" ind1=" " ind2=" ">
      <subfield code="a">BIB_UASJ</subfield>
      <subfield code="b">BIB_UASJ</subfield>
      <subfield code="d">2012-11-07</subfield>
      <subfield code="y">BK</subfield>
      <subfield code="p">04-43397</subfield>
    </datafield>
  </record>