
  <record>
    <leader>01000aam  22002601a 4500</leader>
    <controlfield tag="001">YPZ96482</controlfield>
    <controlfield tag="003">YPZ</controlfield>
    <controlfield tag="005">201211071529590</controlfield>
    <controlfield tag="008">121107|###########||||||b||||||||||spa|d</controlfield>
    <datafield tag="020" ind1=" " ind2=" ">
      <subfield code="a">9729683492</subfield>
    </datafield>
    <datafield tag="040" ind1=" " ind2=" ">
      <subfield code="c">SIUNPA</subfield>
    </datafield>
    <datafield tag="041" ind1=" " ind2=" ">
      <subfield code="a">por</subfield>
      <subfield code="a">spa</subfield>
    </datafield>
    <datafield tag="044" ind1=" " ind2=" ">
      <subfield code="a">PT</subfield>
    </datafield>
    <datafield tag="082" ind1=" " ind2=" ">
      <subfield code="a">371.13 P964p</subfield>
    </datafield>
    <datafield tag="245" ind1=" " ind2=" ">
      <subfield code="a">Os professores na história</subfield>
      <subfield code="c"> / Magalhães, Justino, organizador ; Escolano, Agustín, organizador</subfield>
    </datafield>
    <datafield tag="260" ind1=" " ind2=" ">
      <subfield code="a">Porto</subfield>
      <subfield code="b"> : Sociedade Portuguesa de Ciências da Educação</subfield>
      <subfield code="c"> , 1999</subfield>
    </datafield>
    <datafield tag="942" ind1=" " ind2=" ">
      <subfield code="c">BK</subfield>
    </datafield>
    <datafield tag="952" ind1=" " ind2=" ">
      <subfield code="a">BIB_UASJ</subfield>
      <subfield code="b">BIB_UASJ</subfield>
      <subfield code="d">2012-11-07</subfield>
      <subfield code="y">BK</subfield>
      <subfield code="p">04-43400</subfield>
    </datafield>
  </record>