
  <record>
    <leader>01000aam  22002601a 4500</leader>
    <controlfield tag="001">YPZ96503</controlfield>
    <controlfield tag="003">YPZ</controlfield>
    <controlfield tag="005">201211091159430</controlfield>
    <controlfield tag="008">121109|###########||||||b||||||||||spa|d</controlfield>
    <datafield tag="040" ind1=" " ind2=" ">
      <subfield code="c">SIUNPA</subfield>
    </datafield>
    <datafield tag="041" ind1=" " ind2=" ">
      <subfield code="a">spa</subfield>
    </datafield>
    <datafield tag="044" ind1=" " ind2=" ">
      <subfield code="a">ES</subfield>
    </datafield>
    <datafield tag="082" ind1=" " ind2=" ">
      <subfield code="a">378.4 H557e</subfield>
    </datafield>
    <datafield tag="100" ind1=" " ind2=" ">
      <subfield code="a">Hernández Díaz, José María.</subfield>
    </datafield>
    <datafield tag="245" ind1=" " ind2=" ">
      <subfield code="a">Entre las resistencias al cambio y la universidad deseada, 1900-1936</subfield>
    </datafield>
    <datafield tag="260" ind1=" " ind2=" ">
      <subfield code="a">Salamanca</subfield>
      <subfield code="b"> : Universidad de Salamanca</subfield>
      <subfield code="c"> , [2002]</subfield>
    </datafield>
    <datafield tag="440" ind1=" " ind2=" ">
      <subfield code="a">Biblioteca del maestro</subfield>
      <subfield code="a">Biblioteca pedagógica / Secretaría de Educación Pública</subfield>
      <subfield code="a">Colección convergencia</subfield>
      <subfield code="a">Serie proyecto MANES</subfield>
      <subfield code="a">Ariel Educación</subfield>
      <subfield code="a">Historia de la Universidad de Salamanca</subfield>
      <subfield code="v">1</subfield>
    </datafield>
    <datafield tag="490" ind1=" " ind2=" ">
      <subfield code="a">Biblioteca del maestro</subfield>
      <subfield code="a">Biblioteca pedagógica / Secretaría de Educación Pública</subfield>
      <subfield code="a">Colección convergencia</subfield>
      <subfield code="a">Serie proyecto MANES</subfield>
      <subfield code="a">Ariel Educación</subfield>
      <subfield code="a">Historia de la Universidad de Salamanca</subfield>
      <subfield code="v">1</subfield>
    </datafield>
    <datafield tag="500" ind1=" " ind2=" ">
      <subfield code="a">Separata de: Historia de la Universidad de Salamanca 1, Trayectoria y vinculaciones</subfield>
    </datafield>
    <datafield tag="942" ind1=" " ind2=" ">
      <subfield code="c">BK</subfield>
    </datafield>
    <datafield tag="952" ind1=" " ind2=" ">
      <subfield code="a">BIB_UASJ</subfield>
      <subfield code="b">BIB_UASJ</subfield>
      <subfield code="d">2012-11-01</subfield>
      <subfield code="y">BK</subfield>
      <subfield code="p">04-43431</subfield>
    </datafield>
  </record>