
  <record>
    <leader>01000aam  22002601a 4500</leader>
    <controlfield tag="001">YPZ96530</controlfield>
    <controlfield tag="003">YPZ</controlfield>
    <controlfield tag="005">201211121717270</controlfield>
    <controlfield tag="008">121112|###########||||||b||||||||||spa|d</controlfield>
    <datafield tag="040" ind1=" " ind2=" ">
      <subfield code="c">SIUNPA</subfield>
    </datafield>
    <datafield tag="041" ind1=" " ind2=" ">
      <subfield code="a">spa</subfield>
    </datafield>
    <datafield tag="044" ind1=" " ind2=" ">
      <subfield code="a">AR</subfield>
    </datafield>
    <datafield tag="082" ind1=" " ind2=" ">
      <subfield code="a">F930.1 H195t</subfield>
    </datafield>
    <datafield tag="100" ind1=" " ind2=" ">
      <subfield code="a">Halperin Donghi, Tulio.</subfield>
    </datafield>
    <datafield tag="245" ind1=" " ind2=" ">
      <subfield code="a">Transformaciones y permanencias en el último medio siglo de historiografía argentina</subfield>
      <subfield code="b"> : testimonio de un observador participante</subfield>
      <subfield code="c"> / Eujanián, Alejandro, entrevistador ; Moreira, Alejandro, entrevistador</subfield>
    </datafield>
    <datafield tag="260" ind1=" " ind2=" ">
      <subfield code="a">Rosario</subfield>
      <subfield code="b"> : Escuela de Historia, UNR</subfield>
      <subfield code="b"> : Prohistoria</subfield>
      <subfield code="c"> , 2000</subfield>
    </datafield>
    <datafield tag="942" ind1=" " ind2=" ">
      <subfield code="c">BK</subfield>
    </datafield>
    <datafield tag="952" ind1=" " ind2=" ">
      <subfield code="a">BIB_UASJ</subfield>
      <subfield code="b">BIB_UASJ</subfield>
      <subfield code="d">2012-11-04</subfield>
      <subfield code="y">BK</subfield>
      <subfield code="p">04-43480</subfield>
    </datafield>
  </record>