
  <record>
    <leader>01000aam  22002601a 4500</leader>
    <controlfield tag="001">YPZ96584</controlfield>
    <controlfield tag="003">YPZ</controlfield>
    <controlfield tag="005">201211191353510</controlfield>
    <controlfield tag="008">121119|###########||||||b||||||||||spa|d</controlfield>
    <datafield tag="020" ind1=" " ind2=" ">
      <subfield code="a">9681849159</subfield>
    </datafield>
    <datafield tag="040" ind1=" " ind2=" ">
      <subfield code="c">SIUNPA</subfield>
    </datafield>
    <datafield tag="041" ind1=" " ind2=" ">
      <subfield code="a">spa</subfield>
    </datafield>
    <datafield tag="044" ind1=" " ind2=" ">
      <subfield code="a">MX</subfield>
    </datafield>
    <datafield tag="082" ind1=" " ind2=" ">
      <subfield code="a">004.438 P176i</subfield>
    </datafield>
    <datafield tag="100" ind1=" " ind2=" ">
      <subfield code="a">Palmer, Scott D..</subfield>
    </datafield>
    <datafield tag="245" ind1=" " ind2=" ">
      <subfield code="a">Introducción a Turbo Pascal para Windows</subfield>
    </datafield>
    <datafield tag="250" ind1=" " ind2=" ">
      <subfield code="a">1a ed.</subfield>
    </datafield>
    <datafield tag="260" ind1=" " ind2=" ">
      <subfield code="a">México, D.F.</subfield>
      <subfield code="b"> : Megabyte</subfield>
      <subfield code="c"> , 1994</subfield>
    </datafield>
    <datafield tag="300" ind1=" " ind2=" ">
      <subfield code="a">530 p. : </subfield>
      <subfield code="b">il. ; </subfield>
      <subfield code="a">637 p. : </subfield>
      <subfield code="b">il. ; </subfield>
      <subfield code="a">140 p. : </subfield>
      <subfield code="a">159 p. : </subfield>
      <subfield code="a">92 p. : </subfield>
      <subfield code="a">109 p. : </subfield>
      <subfield code="a">122 p. : </subfield>
      <subfield code="b">il. ; </subfield>
      <subfield code="a">2 v. : </subfield>
      <subfield code="a">128 p. : </subfield>
      <subfield code="a">78 p. : </subfield>
      <subfield code="a">103 p. : </subfield>
      <subfield code="a">76 p. : </subfield>
      <subfield code="a">127 p. : </subfield>
      <subfield code="a">76 p. : </subfield>
      <subfield code="a">155 p. : </subfield>
      <subfield code="a">69 p. : </subfield>
      <subfield code="a">118 p. : </subfield>
      <subfield code="a">158 p. : </subfield>
      <subfield code="a">238 p. : </subfield>
      <subfield code="a">119 p. : </subfield>
      <subfield code="b">il ; </subfield>
      <subfield code="a">il. : </subfield>
      <subfield code="a">79 p. : </subfield>
      <subfield code="a">253 p. : </subfield>
      <subfield code="a">240 p. : </subfield>
      <subfield code="a">195 p. : </subfield>
      <subfield code="a">v. : </subfield>
      <subfield code="a">70 p. : </subfield>
      <subfield code="a">75 p. : </subfield>
      <subfield code="a">v. : </subfield>
      <subfield code="a">369 p. : </subfield>
      <subfield code="b">il. ; </subfield>
      <subfield code="a">192 p. : </subfield>
      <subfield code="b">il. ; </subfield>
      <subfield code="a">69 p. : </subfield>
      <subfield code="a">148 p. : </subfield>
      <subfield code="a">297 p. : </subfield>
      <subfield code="b">il. ; </subfield>
      <subfield code="a">197 p. : </subfield>
      <subfield code="a">119 p. : </subfield>
      <subfield code="a">xxiii, 129 p. : </subfield>
      <subfield code="a">148 p. : </subfield>
      <subfield code="a">102 p. : </subfield>
      <subfield code="a">205 p. : </subfield>
      <subfield code="a">251 p. : </subfield>
      <subfield code="b">il. ; </subfield>
      <subfield code="a">158 p. : </subfield>
      <subfield code="a">63 p. : </subfield>
      <subfield code="a">188 p. : </subfield>
      <subfield code="b">il. ; </subfield>
      <subfield code="a">144 p. : </subfield>
      <subfield code="a">197 p. : </subfield>
      <subfield code="a">163 p. : </subfield>
      <subfield code="a">141 p. : </subfield>
      <subfield code="a">227 p. : </subfield>
      <subfield code="a">105 p. : </subfield>
      <subfield code="b">il. ; </subfield>
      <subfield code="a">218 p. : </subfield>
      <subfield code="a">412 p. : </subfield>
      <subfield code="a">311 p. : </subfield>
      <subfield code="b">il. ; </subfield>
      <subfield code="a">xiv, 298 p. : </subfield>
      <subfield code="b">il. ; </subfield>
      <subfield code="a">310 p. : </subfield>
      <subfield code="a">441 p. : </subfield>
      <subfield code="b">il. ; </subfield>
      <subfield code="a">391 p. : </subfield>
      <subfield code="a">xviii, 636 p. : </subfield>
      <subfield code="b">il. ; </subfield>
      <subfield code="a">446 p. : </subfield>
      <subfield code="a">444 p. : </subfield>
      <subfield code="a">250 p. : </subfield>
      <subfield code="a">124 p. : </subfield>
      <subfield code="a">671 p. : </subfield>
      <subfield code="a">444 p. : </subfield>
      <subfield code="a">x, 170 p. : </subfield>
      <subfield code="a">284 p. : </subfield>
      <subfield code="a">v. : </subfield>
      <subfield code="a">201 p. : </subfield>
      <subfield code="a">205 p. : </subfield>
      <subfield code="a">193 p. : </subfield>
      <subfield code="a">xxiii, 547 p. : </subfield>
      <subfield code="b">il. ; </subfield>
      <subfield code="a">xxxvi, 206 p. : </subfield>
      <subfield code="a">67 p. : </subfield>
      <subfield code="a">v. : </subfield>
      <subfield code="a">143 p. : </subfield>
      <subfield code="a">138 p. : </subfield>
      <subfield code="b">il. ; </subfield>
      <subfield code="a">181 p. : </subfield>
      <subfield code="a">252 p. : </subfield>
      <subfield code="a">78 h. : </subfield>
      <subfield code="b">il. ; </subfield>
      <subfield code="a">308 p. : </subfield>
      <subfield code="a">290 p. : </subfield>
      <subfield code="a">167 p. : </subfield>
      <subfield code="b">il. ; </subfield>
      <subfield code="a">110 p. : </subfield>
      <subfield code="a">113 p. : </subfield>
      <subfield code="b">il. ; </subfield>
      <subfield code="c">19,5x28 cm. + </subfield>
      <subfield code="a">61 p. : </subfield>
      <subfield code="b">il. ; </subfield>
      <subfield code="a">80 p. : </subfield>
      <subfield code="b">il. ; </subfield>
      <subfield code="a">146 p. : </subfield>
      <subfield code="b">il. ; </subfield>
      <subfield code="a">772 p. : </subfield>
      <subfield code="a">168 p. : </subfield>
      <subfield code="a">163 p. : </subfield>
      <subfield code="b">il. ; </subfield>
      <subfield code="a">201 p. : </subfield>
      <subfield code="a">157 p. : </subfield>
      <subfield code="a">304 p. : </subfield>
      <subfield code="b">il. ; </subfield>
      <subfield code="a">236 p. : </subfield>
      <subfield code="a">iv, 140 p. : </subfield>
      <subfield code="a">47 p. : </subfield>
      <subfield code="a">258 p. : </subfield>
      <subfield code="b">il. ; </subfield>
      <subfield code="a">271 p. : </subfield>
      <subfield code="b">il. ; </subfield>
      <subfield code="a">3 v. : </subfield>
      <subfield code="a">v. : </subfield>
      <subfield code="a">719 p. : </subfield>
      <subfield code="a">ix, 802 p. : </subfield>
      <subfield code="b">il. ; </subfield>
      <subfield code="a">241 p. : </subfield>
      <subfield code="a">246 p. : </subfield>
      <subfield code="a">194 p. : </subfield>
      <subfield code="a">179 p. : </subfield>
      <subfield code="a">287 p. : </subfield>
      <subfield code="b">il. ; </subfield>
      <subfield code="a">453 p. : </subfield>
      <subfield code="b">il. ; </subfield>
      <subfield code="a">238 p. : </subfield>
      <subfield code="b">il. ; </subfield>
      <subfield code="a">xvi, 93 p. : </subfield>
      <subfield code="a">170 p. : </subfield>
      <subfield code="b">il. ; </subfield>
      <subfield code="a">131 p. : </subfield>
      <subfield code="a">167 p. : </subfield>
      <subfield code="b">il. ; </subfield>
      <subfield code="a">272 p. : </subfield>
      <subfield code="a">172 p. : </subfield>
      <subfield code="b">il. ; </subfield>
      <subfield code="a">173 p. : </subfield>
      <subfield code="a">391 p. : </subfield>
      <subfield code="a">245 p. : </subfield>
      <subfield code="b">cuadros ; </subfield>
      <subfield code="a">627 p. : </subfield>
      <subfield code="a">221 p. : </subfield>
      <subfield code="a">162 p. : </subfield>
      <subfield code="a">234 p. : </subfield>
      <subfield code="a">205 p. : </subfield>
      <subfield code="a">xxxviii, 244 p. : </subfield>
      <subfield code="b">il. ; </subfield>
      <subfield code="a">411 p. : </subfield>
      <subfield code="b">cuadr. ; </subfield>
      <subfield code="a">xii, 198 p. : </subfield>
      <subfield code="a">237 p. : </subfield>
      <subfield code="a">127, [10] p. : </subfield>
      <subfield code="a">100 p. : </subfield>
      <subfield code="a">178 p. : </subfield>
      <subfield code="a">104 p. : </subfield>
      <subfield code="a">105 p. : </subfield>
      <subfield code="a">108 p. : </subfield>
      <subfield code="a">156 p. : </subfield>
      <subfield code="a">95 p. : </subfield>
      <subfield code="a">249 p. : </subfield>
      <subfield code="b">il. ; </subfield>
      <subfield code="a">299 p. : </subfield>
      <subfield code="a">186 p. : </subfield>
      <subfield code="a">286 p. : </subfield>
      <subfield code="b">il. ; </subfield>
      <subfield code="a">205 p. : </subfield>
      <subfield code="a">558 p. : </subfield>
      <subfield code="a">p. 284-312 : </subfield>
      <subfield code="a">85 p. : </subfield>
      <subfield code="b">il. ; </subfield>
      <subfield code="a">148 p. : </subfield>
      <subfield code="a">203 p. : </subfield>
      <subfield code="a">331 p. : </subfield>
      <subfield code="a">216 p. : </subfield>
      <subfield code="b">il. ; </subfield>
      <subfield code="a">109 p. : </subfield>
      <subfield code="a">199 p. : </subfield>
      <subfield code="b">il. ; </subfield>
      <subfield code="a">396 p. : </subfield>
      <subfield code="a">48 p. : </subfield>
      <subfield code="a">397 p. : </subfield>
      <subfield code="b">il. ; </subfield>
      <subfield code="a">254 p. : </subfield>
      <subfield code="a">v. : </subfield>
      <subfield code="a">431 p. : </subfield>
      <subfield code="a">121 p. : </subfield>
      <subfield code="b">il. ; </subfield>
      <subfield code="a">xiv, 450 p. : </subfield>
      <subfield code="a">v. : </subfield>
      <subfield code="a">254 p. : </subfield>
      <subfield code="a">501 p. : </subfield>
      <subfield code="b">il. ; </subfield>
      <subfield code="a">510 p. : </subfield>
      <subfield code="a">142 p. : </subfield>
      <subfield code="a">345 p. : </subfield>
      <subfield code="a">30 p. : </subfield>
      <subfield code="a">205 p. : </subfield>
      <subfield code="a">192 p. : </subfield>
      <subfield code="b">il. ; </subfield>
      <subfield code="a">80 p. : </subfield>
      <subfield code="a">54 p. : </subfield>
      <subfield code="a">99 p. : </subfield>
      <subfield code="a">238 p. : </subfield>
      <subfield code="b">il. ; </subfield>
      <subfield code="a">ix, 255 p. : </subfield>
      <subfield code="a">103 p. : </subfield>
      <subfield code="a">412 p. : </subfield>
      <subfield code="a">231  p. : </subfield>
      <subfield code="a">505 p. : </subfield>
      <subfield code="a">159 p. : </subfield>
      <subfield code="a">326 p. : </subfield>
      <subfield code="a">132 p. : </subfield>
      <subfield code="a">196 p. : </subfield>
      <subfield code="b">il. ; </subfield>
      <subfield code="a">210 p. : </subfield>
      <subfield code="a">276 p. : </subfield>
      <subfield code="a">410 p. : </subfield>
      <subfield code="b">il. ; </subfield>
      <subfield code="a">234 p. : </subfield>
      <subfield code="b">il. ; </subfield>
      <subfield code="a">106 p. : </subfield>
      <subfield code="b">tablas ; </subfield>
      <subfield code="a">519 p. : </subfield>
      <subfield code="b">il. ; </subfield>
      <subfield code="a">2 v. : </subfield>
      <subfield code="a">v. : </subfield>
      <subfield code="a">xxv, 790 p. : </subfield>
      <subfield code="b">il. ; </subfield>
      <subfield code="a">209 p. : </subfield>
      <subfield code="a">115 p. : </subfield>
      <subfield code="a">xci, 439 p. : </subfield>
      <subfield code="b">il. ; </subfield>
      <subfield code="a">xv, 419 p. : </subfield>
      <subfield code="b">il. ; </subfield>
      <subfield code="a">174 p. : </subfield>
      <subfield code="a">165 p. : </subfield>
      <subfield code="b">il. ; </subfield>
      <subfield code="a">106 p. : </subfield>
      <subfield code="a">[150] p. en varias paginaciones : </subfield>
      <subfield code="a">190 p. : </subfield>
      <subfield code="a">xvi, 293 p. : </subfield>
      <subfield code="b">il. ; </subfield>
      <subfield code="a">468 p. : </subfield>
      <subfield code="b">il. ; </subfield>
      <subfield code="a">xviii, 231 p. : </subfield>
      <subfield code="a">207 p. : </subfield>
      <subfield code="a">220 p. : </subfield>
      <subfield code="a">iii, 238 p. : </subfield>
      <subfield code="b">il. ; </subfield>
      <subfield code="a">161 p. : </subfield>
      <subfield code="b">il. ; </subfield>
      <subfield code="a">153 p. : </subfield>
      <subfield code="a">35 p. : </subfield>
      <subfield code="b">il. ; </subfield>
      <subfield code="a">256 p. : </subfield>
      <subfield code="a">72 p. : </subfield>
      <subfield code="b">il. ; </subfield>
      <subfield code="a">124 p. : </subfield>
      <subfield code="a">100 p. : </subfield>
      <subfield code="b">il. ; </subfield>
      <subfield code="a">170 p. : </subfield>
      <subfield code="a">xxiii, 532, [13] p. : </subfield>
      <subfield code="b">il. ; </subfield>
      <subfield code="e">1 disquete (3½) en bolsillo</subfield>
    </datafield>
    <datafield tag="942" ind1=" " ind2=" ">
      <subfield code="c">BK</subfield>
    </datafield>
    <datafield tag="952" ind1=" " ind2=" ">
      <subfield code="a">BIB_UARG</subfield>
      <subfield code="b">BIB_UARG</subfield>
      <subfield code="d">2012-11-19</subfield>
      <subfield code="y">BK</subfield>
      <subfield code="p">05-12535</subfield>
    </datafield>
  </record>