
  <record>
    <leader>01000aam  22002601a 4500</leader>
    <controlfield tag="001">YPZ96591</controlfield>
    <controlfield tag="003">YPZ</controlfield>
    <controlfield tag="005">201211191828500</controlfield>
    <controlfield tag="008">121119|###########||||||b||||||||||spa|d</controlfield>
    <datafield tag="020" ind1=" " ind2=" ">
      <subfield code="a">9501506049</subfield>
    </datafield>
    <datafield tag="040" ind1=" " ind2=" ">
      <subfield code="c">SIUNPA</subfield>
    </datafield>
    <datafield tag="041" ind1=" " ind2=" ">
      <subfield code="a">spa</subfield>
    </datafield>
    <datafield tag="044" ind1=" " ind2=" ">
      <subfield code="a">MX</subfield>
    </datafield>
    <datafield tag="082" ind1=" " ind2=" ">
      <subfield code="a">004.438 C387j</subfield>
    </datafield>
    <datafield tag="100" ind1=" " ind2=" ">
      <subfield code="a">Ceballos Sierra, Javier.</subfield>
    </datafield>
    <datafield tag="245" ind1=" " ind2=" ">
      <subfield code="a">Java 2</subfield>
      <subfield code="b"> : curso de programación</subfield>
    </datafield>
    <datafield tag="260" ind1=" " ind2=" ">
      <subfield code="a">México, D.F.</subfield>
      <subfield code="b"> : Alfaomega</subfield>
      <subfield code="c"> , 2000</subfield>
    </datafield>
    <datafield tag="300" ind1=" " ind2=" ">
      <subfield code="a">2 v. : </subfield>
      <subfield code="a">xiii, 213 p. : </subfield>
      <subfield code="b">il. ; </subfield>
      <subfield code="a">xxi, 516 p. : </subfield>
      <subfield code="b">il. ; </subfield>
      <subfield code="a">xxiii, 1094 p. : </subfield>
      <subfield code="a">xix, 914 p. : </subfield>
      <subfield code="b">il. ; </subfield>
      <subfield code="a">406 p. : </subfield>
      <subfield code="a">xxv, 778 p. : </subfield>
      <subfield code="b">il. ; </subfield>
      <subfield code="e">1 CD-ROM en bolsillo</subfield>
    </datafield>
    <datafield tag="942" ind1=" " ind2=" ">
      <subfield code="c">BK</subfield>
    </datafield>
    <datafield tag="952" ind1=" " ind2=" ">
      <subfield code="a">BIB_UARG</subfield>
      <subfield code="b">BIB_UARG</subfield>
      <subfield code="d">2012-11-06</subfield>
      <subfield code="y">BK</subfield>
      <subfield code="p">05-15694</subfield>
    </datafield>
  </record>