
  <record>
    <leader>01000aam  22002601a 4500</leader>
    <controlfield tag="001">YPZ96592</controlfield>
    <controlfield tag="003">YPZ</controlfield>
    <controlfield tag="005">201211191856380</controlfield>
    <controlfield tag="008">121119|###########||||||b||||||||||spa|d</controlfield>
    <datafield tag="040" ind1=" " ind2=" ">
      <subfield code="c">SIUNPA</subfield>
    </datafield>
    <datafield tag="041" ind1=" " ind2=" ">
      <subfield code="a">spa</subfield>
    </datafield>
    <datafield tag="044" ind1=" " ind2=" ">
      <subfield code="a">MX</subfield>
    </datafield>
    <datafield tag="082" ind1=" " ind2=" ">
      <subfield code="a">612 B299b6</subfield>
    </datafield>
    <datafield tag="100" ind1=" " ind2=" ">
      <subfield code="a">Best, Charles Herbet.</subfield>
    </datafield>
    <datafield tag="700" ind1=" " ind2=" ">
      <subfield code="a">Taylor, Norman Burke, dir..</subfield>
    </datafield>
    <datafield tag="245" ind1=" " ind2=" ">
      <subfield code="a">Bases fisiológicas de la práctica médica</subfield>
      <subfield code="b"> : manual de Fisiología aplicada</subfield>
      <subfield code="c"> / Berliner, Robert W., colab. ; Borun, E. Raymond, colab. ; Bucy, Paul C., colab. ; Campbell, F.W., colab. ; Campbell, James, colab. ; Clarke, Donald W., colab. ; Coffman, Jay D., colab. ; Donovan, B.T., colab. ; Gregg, Donald E., colab. ; Haist, Reginald E., colab. ; Harris, G.W., colab. ; Hawkins, Joseph, E., colab. ; Huvos, Andrew, colab. ; Kattus, Albert A., colab. ; Lucas, Colin C., colab. ; Mathews, Bryan, colab. ; Monkhouse, Frank C., colab. ; North, William C., colab. ; Ridout, Jessie H., colab. ; Salter, James M., colab. ; Scott, Jhon W., colab. ; Shock, Nathan, W., colab. ; Smith, Durwood J., colab. ; Taylor, Norman B., colab. ; Thomas, J. Earl, colab. ; Thurau, Klaus W.C. ; Williams, G. Ronald, colab. ; Willmer, E.N., colab. ; Youmans, W.B., colab. ; Franco Ornes, Pericles, tr. ; Morayta Nuñez, Emilio, tr.</subfield>
    </datafield>
    <datafield tag="250" ind1=" " ind2=" ">
      <subfield code="a">6a ed.</subfield>
    </datafield>
    <datafield tag="260" ind1=" " ind2=" ">
      <subfield code="a">México, D.F.</subfield>
      <subfield code="b"> : Unión Tipográfica Editorial Hispano-Americana, UTEHA</subfield>
      <subfield code="c"> , 1964</subfield>
    </datafield>
    <datafield tag="942" ind1=" " ind2=" ">
      <subfield code="c">BK</subfield>
    </datafield>
    <datafield tag="952" ind1=" " ind2=" ">
      <subfield code="a">BIB_UARG</subfield>
      <subfield code="b">BIB_UARG</subfield>
      <subfield code="d">2012-11-06</subfield>
      <subfield code="y">BK</subfield>
      <subfield code="p">05-16654</subfield>
    </datafield>
  </record>