
  <record>
    <leader>01000aam  22002601a 4500</leader>
    <controlfield tag="001">YPZ96604</controlfield>
    <controlfield tag="003">YPZ</controlfield>
    <controlfield tag="005">201211201840070</controlfield>
    <controlfield tag="008">121120|###########||||||b||||||||||spa|d</controlfield>
    <datafield tag="020" ind1=" " ind2=" ">
      <subfield code="a">9502514629 (v.1)</subfield>
    </datafield>
    <datafield tag="020" ind1=" " ind2=" ">
      <subfield code="a">9502514637 (v.2)</subfield>
    </datafield>
    <datafield tag="040" ind1=" " ind2=" ">
      <subfield code="c">SIUNPA</subfield>
    </datafield>
    <datafield tag="041" ind1=" " ind2=" ">
      <subfield code="a">spa</subfield>
    </datafield>
    <datafield tag="044" ind1=" " ind2=" ">
      <subfield code="a">AR</subfield>
    </datafield>
    <datafield tag="082" ind1=" " ind2=" ">
      <subfield code="a">314.74 D583d2</subfield>
    </datafield>
    <datafield tag="100" ind1=" " ind2=" ">
      <subfield code="a">Bertoncello, Rodolfo.</subfield>
    </datafield>
    <datafield tag="700" ind1=" " ind2=" ">
      <subfield code="a">Lattes, Alfredo Enrique.</subfield>
    </datafield>
    <datafield tag="700" ind1=" " ind2=" ">
      <subfield code="a">Moyano, César.</subfield>
    </datafield>
    <datafield tag="700" ind1=" " ind2=" ">
      <subfield code="a">Graciarena, Jorge.</subfield>
    </datafield>
    <datafield tag="700" ind1=" " ind2=" ">
      <subfield code="a">Margulis, Mario.</subfield>
    </datafield>
    <datafield tag="700" ind1=" " ind2=" ">
      <subfield code="a">Pellegrini, Adela.</subfield>
    </datafield>
    <datafield tag="700" ind1=" " ind2=" ">
      <subfield code="a">Oteiza, Enrique.</subfield>
    </datafield>
    <datafield tag="700" ind1=" " ind2=" ">
      <subfield code="a">Schkolnik, Susana.</subfield>
    </datafield>
    <datafield tag="245" ind1=" " ind2=" ">
      <subfield code="a">Dinámica migratoria argentina (1955-1984)</subfield>
      <subfield code="b"> : democratización y retorno de expatriados</subfield>
      <subfield code="c"> / Lattes, Alfredo E., coord. ; Oteiza, Enrique, coord. ; Graciarena, Jorge, asesoramiento</subfield>
    </datafield>
    <datafield tag="250" ind1=" " ind2=" ">
      <subfield code="a">2a ed.</subfield>
    </datafield>
    <datafield tag="260" ind1=" " ind2=" ">
      <subfield code="a">Buenos Aires</subfield>
      <subfield code="b"> : Centro Editor de América Latina</subfield>
      <subfield code="c"> , 1987</subfield>
    </datafield>
    <datafield tag="440" ind1=" " ind2=" ">
      <subfield code="a">Colección Hachette Universidad. Lengua, lingüística, comunicación</subfield>
      <subfield code="a">Colección Edicial Universidad. Lengua, lingüística, comunicación</subfield>
      <subfield code="a">Biblioteca de dirección, organización y administración de empresas. Dirección y gestión</subfield>
      <subfield code="a">Manuales de Eudeba / Zoología</subfield>
      <subfield code="a">Biblioteca política argentina</subfield>
      <subfield code="v">194-195</subfield>
    </datafield>
    <datafield tag="490" ind1=" " ind2=" ">
      <subfield code="a">Colección Hachette Universidad. Lengua, lingüística, comunicación</subfield>
      <subfield code="a">Colección Edicial Universidad. Lengua, lingüística, comunicación</subfield>
      <subfield code="a">Biblioteca de dirección, organización y administración de empresas. Dirección y gestión</subfield>
      <subfield code="a">Manuales de Eudeba / Zoología</subfield>
      <subfield code="a">Biblioteca política argentina</subfield>
      <subfield code="v">194-195</subfield>
    </datafield>
    <datafield tag="942" ind1=" " ind2=" ">
      <subfield code="c">BK</subfield>
    </datafield>
    <datafield tag="952" ind1=" " ind2=" ">
      <subfield code="a">BIB_UARG</subfield>
      <subfield code="b">BIB_UARG</subfield>
      <subfield code="d">2012-11-20</subfield>
      <subfield code="y">BK</subfield>
      <subfield code="p">05-07758</subfield>
    </datafield>
    <datafield tag="952" ind1=" " ind2=" ">
      <subfield code="a">BIB_UARG</subfield>
      <subfield code="b">BIB_UARG</subfield>
      <subfield code="d">2012-11-20</subfield>
      <subfield code="y">BK</subfield>
      <subfield code="p">05-07759</subfield>
    </datafield>
    <datafield tag="952" ind1=" " ind2=" ">
      <subfield code="a">BIB_UARG</subfield>
      <subfield code="b">BIB_UARG</subfield>
      <subfield code="d">2012-11-20</subfield>
      <subfield code="y">BK</subfield>
      <subfield code="p">05-07760</subfield>
    </datafield>
    <datafield tag="952" ind1=" " ind2=" ">
      <subfield code="a">BIB_UARG</subfield>
      <subfield code="b">BIB_UARG</subfield>
      <subfield code="d">2012-11-20</subfield>
      <subfield code="y">BK</subfield>
      <subfield code="p">05-07761</subfield>
    </datafield>
  </record>