
  <record>
    <leader>01000aam  22002601a 4500</leader>
    <controlfield tag="001">YPZ96647</controlfield>
    <controlfield tag="003">YPZ</controlfield>
    <controlfield tag="005">201211281423240</controlfield>
    <controlfield tag="008">121128|###########||||||b||||||||||spa|d</controlfield>
    <datafield tag="020" ind1=" " ind2=" ">
      <subfield code="a">020147719X</subfield>
    </datafield>
    <datafield tag="040" ind1=" " ind2=" ">
      <subfield code="c">SIUNPA</subfield>
    </datafield>
    <datafield tag="041" ind1=" " ind2=" ">
      <subfield code="a">eng</subfield>
    </datafield>
    <datafield tag="044" ind1=" " ind2=" ">
      <subfield code="a">US</subfield>
    </datafield>
    <datafield tag="082" ind1=" " ind2=" ">
      <subfield code="a">004.41 H926int</subfield>
    </datafield>
    <datafield tag="100" ind1=" " ind2=" ">
      <subfield code="a">Humphrey, Watts S..</subfield>
    </datafield>
    <datafield tag="245" ind1=" " ind2=" ">
      <subfield code="a">Introduction to the team software process</subfield>
      <subfield code="c"> / Over, James W., with support tool by</subfield>
    </datafield>
    <datafield tag="260" ind1=" " ind2=" ">
      <subfield code="a">Reading, Mass.</subfield>
      <subfield code="b"> : Addison-Wesley</subfield>
      <subfield code="c"> , 2000</subfield>
    </datafield>
    <datafield tag="942" ind1=" " ind2=" ">
      <subfield code="c">BK</subfield>
    </datafield>
    <datafield tag="952" ind1=" " ind2=" ">
      <subfield code="a">BIB_UART</subfield>
      <subfield code="b">BIB_UART</subfield>
      <subfield code="d">2013-07-27</subfield>
      <subfield code="y">BK</subfield>
      <subfield code="p">03-45072</subfield>
    </datafield>
    <datafield tag="952" ind1=" " ind2=" ">
      <subfield code="a">BIB_UARG</subfield>
      <subfield code="b">BIB_UARG</subfield>
      <subfield code="d">2012-11-23</subfield>
      <subfield code="y">BK</subfield>
      <subfield code="p">05-43576</subfield>
    </datafield>
    <datafield tag="952" ind1=" " ind2=" ">
      <subfield code="a">BIB_UARG</subfield>
      <subfield code="b">BIB_UARG</subfield>
      <subfield code="d">2012-11-23</subfield>
      <subfield code="y">BK</subfield>
      <subfield code="p">05-43577</subfield>
    </datafield>
  </record>