
  <record>
    <leader>01000aam  22002601a 4500</leader>
    <controlfield tag="001">YPZ96649</controlfield>
    <controlfield tag="003">YPZ</controlfield>
    <controlfield tag="005">201211281805480</controlfield>
    <controlfield tag="008">121128|###########||||||b||||||||||spa|d</controlfield>
    <datafield tag="040" ind1=" " ind2=" ">
      <subfield code="c">SIUNPA</subfield>
    </datafield>
    <datafield tag="041" ind1=" " ind2=" ">
      <subfield code="a">spa</subfield>
    </datafield>
    <datafield tag="044" ind1=" " ind2=" ">
      <subfield code="a">ES</subfield>
    </datafield>
    <datafield tag="082" ind1=" " ind2=" ">
      <subfield code="a">101.1 A142f</subfield>
    </datafield>
    <datafield tag="100" ind1=" " ind2=" ">
      <subfield code="a">Abentofail.</subfield>
    </datafield>
    <datafield tag="700" ind1=" " ind2=" ">
      <subfield code="a">Descartes, René.</subfield>
    </datafield>
    <datafield tag="245" ind1=" " ind2=" ">
      <subfield code="a">El filósofo autodidacto</subfield>
      <subfield code="c"> / Bergua, José, ed. y notas prelim.</subfield>
    </datafield>
    <datafield tag="260" ind1=" " ind2=" ">
      <subfield code="a">Madrid</subfield>
      <subfield code="b"> : lbéricas</subfield>
      <subfield code="c"> , [1965]</subfield>
    </datafield>
    <datafield tag="505" ind1="0" ind2="0">
      <subfield code="g">p. 109-176</subfield>
      <subfield code="g">- TEORIA DEL CONOCIMIENTO</subfield>
      <subfield code="r">Descartes, René</subfield>
      <subfield code="t">Discurso del método</subfield>
    </datafield>
    <datafield tag="505" ind1="0" ind2="0">
      <subfield code="g">p. 190-265</subfield>
      <subfield code="g">- METAFISICA</subfield>
      <subfield code="r">Descartes, René</subfield>
      <subfield code="t">Meditaciones metafísicas</subfield>
    </datafield>
    <datafield tag="505" ind1="0" ind2="0">
      <subfield code="g">p. 266-343</subfield>
      <subfield code="g">- TEORIA DEL CONOCIMIENTO</subfield>
      <subfield code="r">Descartes, René</subfield>
      <subfield code="t">Reglas para la dirección del espíritu</subfield>
    </datafield>
    <datafield tag="773" ind1="0" ind2="#">
      <subfield code="a">Descartes, René</subfield>
      <subfield code="g">- TEORIA DEL CONOCIMIENTO</subfield>
      <subfield code="h">p. 109-176</subfield>
      <subfield code="t">Discurso del método</subfield>
    </datafield>
    <datafield tag="773" ind1="0" ind2="#">
      <subfield code="a">Descartes, René</subfield>
      <subfield code="g">- METAFISICA</subfield>
      <subfield code="h">p. 190-265</subfield>
      <subfield code="t">Meditaciones metafísicas</subfield>
    </datafield>
    <datafield tag="773" ind1="0" ind2="#">
      <subfield code="a">Descartes, René</subfield>
      <subfield code="g">- TEORIA DEL CONOCIMIENTO</subfield>
      <subfield code="h">p. 266-343</subfield>
      <subfield code="t">Reglas para la dirección del espíritu</subfield>
    </datafield>
    <datafield tag="942" ind1=" " ind2=" ">
      <subfield code="c">BK</subfield>
    </datafield>
    <datafield tag="952" ind1=" " ind2=" ">
      <subfield code="a">BIB_UARG</subfield>
      <subfield code="b">BIB_UARG</subfield>
      <subfield code="d">2012-11-28</subfield>
      <subfield code="y">BK</subfield>
      <subfield code="p">05-04764</subfield>
    </datafield>
  </record>