
  <record>
    <leader>01000aam  22002601a 4500</leader>
    <controlfield tag="001">YPZ96683</controlfield>
    <controlfield tag="003">YPZ</controlfield>
    <controlfield tag="005">201212051719360</controlfield>
    <controlfield tag="008">121205|###########||||||b||||||||||spa|d</controlfield>
    <datafield tag="020" ind1=" " ind2=" ">
      <subfield code="a">844930301X</subfield>
    </datafield>
    <datafield tag="040" ind1=" " ind2=" ">
      <subfield code="c">SIUNPA</subfield>
    </datafield>
    <datafield tag="041" ind1=" " ind2=" ">
      <subfield code="a">spa</subfield>
    </datafield>
    <datafield tag="044" ind1=" " ind2=" ">
      <subfield code="a">ES</subfield>
    </datafield>
    <datafield tag="082" ind1=" " ind2=" ">
      <subfield code="a">159.95 S474s</subfield>
    </datafield>
    <datafield tag="245" ind1=" " ind2=" ">
      <subfield code="a">Los senderos de los descubrimientos del niño</subfield>
      <subfield code="b"> : investigaciones sobre las microgénesis cognitivas</subfield>
      <subfield code="c"> / Inhelder, Barbel, comp. ; Cellérier, Guy, comp. ; Ackerman, Edith, colab. ; Blanchet, Alex, colab. ; Boder, André, colab. ; Caprona, Denys de, colab. ; Ducret, Jean Jacques, colab. ; Saada-Robert, Madelon, colab. ; Delval, Juan, tr. ; Marichalar, Inés, tr. ; Linaza, J. Luis, tr. ; Barrio, Cristina del, tr. ; Rodríguez, Cintia, tr. ; González, Celina, tr. ; Moreno, Montserrat, tr. ; Moreno, Amparo, tr. ; Enesco, Ileane, tr, ; Rivière, Ángel, tr.</subfield>
    </datafield>
    <datafield tag="250" ind1=" " ind2=" ">
      <subfield code="a">1a ed.</subfield>
    </datafield>
    <datafield tag="260" ind1=" " ind2=" ">
      <subfield code="a">Barcelona</subfield>
      <subfield code="b"> : Paidós</subfield>
      <subfield code="c"> , 1996</subfield>
    </datafield>
    <datafield tag="440" ind1=" " ind2=" ">
      <subfield code="a">Biblioteca cognición y desarrollo humano</subfield>
      <subfield code="v">32</subfield>
    </datafield>
    <datafield tag="490" ind1=" " ind2=" ">
      <subfield code="a">Biblioteca cognición y desarrollo humano</subfield>
      <subfield code="v">32</subfield>
    </datafield>
    <datafield tag="942" ind1=" " ind2=" ">
      <subfield code="c">BK</subfield>
    </datafield>
    <datafield tag="952" ind1=" " ind2=" ">
      <subfield code="a">BIB_UACO</subfield>
      <subfield code="b">BIB_UACO</subfield>
      <subfield code="d">2012-11-29</subfield>
      <subfield code="y">BK</subfield>
      <subfield code="p">02-07822</subfield>
    </datafield>
    <datafield tag="952" ind1=" " ind2=" ">
      <subfield code="a">BIB_UACO</subfield>
      <subfield code="b">BIB_UACO</subfield>
      <subfield code="d">2012-11-29</subfield>
      <subfield code="y">BK</subfield>
      <subfield code="p">02-07823</subfield>
    </datafield>
  </record>