
  <record>
    <leader>01000aam  22002601a 4500</leader>
    <controlfield tag="001">YPZ96706</controlfield>
    <controlfield tag="003">YPZ</controlfield>
    <controlfield tag="005">201212101811550</controlfield>
    <controlfield tag="008">121210|###########||||||b||||||||||spa|d</controlfield>
    <datafield tag="020" ind1=" " ind2=" ">
      <subfield code="a">8430904883</subfield>
    </datafield>
    <datafield tag="040" ind1=" " ind2=" ">
      <subfield code="c">SIUNPA</subfield>
    </datafield>
    <datafield tag="041" ind1=" " ind2=" ">
      <subfield code="a">spa</subfield>
    </datafield>
    <datafield tag="044" ind1=" " ind2=" ">
      <subfield code="a">ES</subfield>
    </datafield>
    <datafield tag="082" ind1=" " ind2=" ">
      <subfield code="a">165 P831c4</subfield>
    </datafield>
    <datafield tag="100" ind1=" " ind2=" ">
      <subfield code="a">Popper, Karl R..</subfield>
    </datafield>
    <datafield tag="245" ind1=" " ind2=" ">
      <subfield code="a">Conocimiento objetivo</subfield>
      <subfield code="b"> : un enfoque evolucionista</subfield>
      <subfield code="c"> / Solis Santos, Carlos, tr.</subfield>
    </datafield>
    <datafield tag="250" ind1=" " ind2=" ">
      <subfield code="a">4a ed.</subfield>
    </datafield>
    <datafield tag="260" ind1=" " ind2=" ">
      <subfield code="a">Madrid</subfield>
      <subfield code="b"> : Tecnos</subfield>
      <subfield code="c"> , 1992</subfield>
    </datafield>
    <datafield tag="440" ind1=" " ind2=" ">
      <subfield code="a">Serie práctica, universitaria y técnica</subfield>
      <subfield code="a">Biblioteca Hispánica Rio de la Plata. Serie de estudios y ensayos</subfield>
      <subfield code="a">Crítica y estudios literarios</subfield>
      <subfield code="a">Crítica y estudios literarios</subfield>
      <subfield code="a">Colección clásicos inolvidables</subfield>
      <subfield code="a">Biblioteca básica Salvat de libros RTV</subfield>
      <subfield code="a">Libro selección</subfield>
      <subfield code="a">Estructura y función. El porvenir actual de la ciencia</subfield>
      <subfield code="v">40</subfield>
    </datafield>
    <datafield tag="490" ind1=" " ind2=" ">
      <subfield code="a">Serie práctica, universitaria y técnica</subfield>
      <subfield code="a">Biblioteca Hispánica Rio de la Plata. Serie de estudios y ensayos</subfield>
      <subfield code="a">Crítica y estudios literarios</subfield>
      <subfield code="a">Crítica y estudios literarios</subfield>
      <subfield code="a">Colección clásicos inolvidables</subfield>
      <subfield code="a">Biblioteca básica Salvat de libros RTV</subfield>
      <subfield code="a">Libro selección</subfield>
      <subfield code="a">Estructura y función. El porvenir actual de la ciencia</subfield>
      <subfield code="v">40</subfield>
    </datafield>
    <datafield tag="942" ind1=" " ind2=" ">
      <subfield code="c">BK</subfield>
    </datafield>
    <datafield tag="952" ind1=" " ind2=" ">
      <subfield code="a">BIB_UASJ</subfield>
      <subfield code="b">BIB_UASJ</subfield>
      <subfield code="d">2012-12-07</subfield>
      <subfield code="y">BK</subfield>
      <subfield code="p">04-00098</subfield>
    </datafield>
  </record>