
  <record>
    <leader>01000aam  22002601a 4500</leader>
    <controlfield tag="001">YPZ96833</controlfield>
    <controlfield tag="003">YPZ</controlfield>
    <controlfield tag="005">201302061533330</controlfield>
    <controlfield tag="008">130206|###########||||||b||||||||||spa|d</controlfield>
    <datafield tag="020" ind1=" " ind2=" ">
      <subfield code="a">950710013X</subfield>
    </datafield>
    <datafield tag="040" ind1=" " ind2=" ">
      <subfield code="c">SIUNPA</subfield>
    </datafield>
    <datafield tag="041" ind1=" " ind2=" ">
      <subfield code="a">spa</subfield>
    </datafield>
    <datafield tag="044" ind1=" " ind2=" ">
      <subfield code="a">US</subfield>
    </datafield>
    <datafield tag="082" ind1=" " ind2=" ">
      <subfield code="a">617.7 L666p</subfield>
    </datafield>
    <datafield tag="100" ind1=" " ind2=" ">
      <subfield code="a">Levit, Jorge Mario.</subfield>
    </datafield>
    <datafield tag="245" ind1=" " ind2=" ">
      <subfield code="a">Problemas visuales en el aula</subfield>
      <subfield code="b"> : con métodos de exámen y evaluación</subfield>
    </datafield>
    <datafield tag="260" ind1=" " ind2=" ">
      <subfield code="a">Washington, D.C.</subfield>
      <subfield code="b"> : Organización Mundial de la Salud</subfield>
      <subfield code="c"> , 1997</subfield>
    </datafield>
    <datafield tag="300" ind1=" " ind2=" ">
      <subfield code="a">190 p. : </subfield>
      <subfield code="a">148 p. : </subfield>
      <subfield code="a">192 p. : </subfield>
      <subfield code="a">535 p. : </subfield>
      <subfield code="b">il. ; </subfield>
      <subfield code="a">451 p. : </subfield>
      <subfield code="a">159 p. : </subfield>
      <subfield code="b">il. ; </subfield>
      <subfield code="a">287 p. : </subfield>
      <subfield code="a">158 p. : </subfield>
      <subfield code="b">il. ; </subfield>
      <subfield code="a">176 p. : </subfield>
      <subfield code="b">il. ; </subfield>
      <subfield code="a">v. : </subfield>
      <subfield code="a">197 p. : </subfield>
      <subfield code="b">il. ; </subfield>
      <subfield code="a">363 p. : </subfield>
      <subfield code="a">354 p. : </subfield>
      <subfield code="a">554 p. : </subfield>
      <subfield code="a">viii, 138 p. : </subfield>
      <subfield code="b">il. ; </subfield>
      <subfield code="a">1437 p. : </subfield>
      <subfield code="b">il. ; </subfield>
      <subfield code="a">xxix, 432  p. : </subfield>
      <subfield code="b">il. ; </subfield>
      <subfield code="a">v, 256 p. : </subfield>
      <subfield code="b">il. ; </subfield>
      <subfield code="a">x, 113 p. : </subfield>
      <subfield code="b">il. ; </subfield>
      <subfield code="e">3 láminas en bolsillo</subfield>
    </datafield>
    <datafield tag="942" ind1=" " ind2=" ">
      <subfield code="c">BK</subfield>
    </datafield>
    <datafield tag="952" ind1=" " ind2=" ">
      <subfield code="a">BIB_UARG</subfield>
      <subfield code="b">BIB_UARG</subfield>
      <subfield code="d">2013-02-06</subfield>
      <subfield code="y">BK</subfield>
      <subfield code="p">05-43766</subfield>
    </datafield>
  </record>