
  <record>
    <leader>01000aam  22002601a 4500</leader>
    <controlfield tag="001">YPZ96926</controlfield>
    <controlfield tag="003">YPZ</controlfield>
    <controlfield tag="005">201302191645050</controlfield>
    <controlfield tag="008">130219|###########||||||b||||||||||spa|d</controlfield>
    <datafield tag="020" ind1=" " ind2=" ">
      <subfield code="a">9789872676605 [sic]</subfield>
    </datafield>
    <datafield tag="040" ind1=" " ind2=" ">
      <subfield code="c">SIUNPA</subfield>
    </datafield>
    <datafield tag="041" ind1=" " ind2=" ">
      <subfield code="a">spa</subfield>
    </datafield>
    <datafield tag="044" ind1=" " ind2=" ">
      <subfield code="a">AR</subfield>
    </datafield>
    <datafield tag="082" ind1=" " ind2=" ">
      <subfield code="a">669.05 T196g</subfield>
    </datafield>
    <datafield tag="100" ind1=" " ind2=" ">
      <subfield code="a">Tarzi, Luis.</subfield>
    </datafield>
    <datafield tag="245" ind1=" " ind2=" ">
      <subfield code="a">Guía de producción más limpia para la industria metalmecánica</subfield>
    </datafield>
    <datafield tag="260" ind1=" " ind2=" ">
      <subfield code="a">Buenos Aires</subfield>
      <subfield code="b"> : Secretaría de Ambiente y Desarrollo Sustentable, Subsecretaría de Control y Fiscalización Ambiental y Prevención de la Contaminación</subfield>
      <subfield code="c"> , 2011</subfield>
    </datafield>
    <datafield tag="440" ind1=" " ind2=" ">
      <subfield code="a">Biblioteca de producción más limpia</subfield>
      <subfield code="v">v. 7</subfield>
    </datafield>
    <datafield tag="490" ind1=" " ind2=" ">
      <subfield code="a">Biblioteca de producción más limpia</subfield>
      <subfield code="v">v. 7</subfield>
    </datafield>
    <datafield tag="500" ind1=" " ind2=" ">
      <subfield code="a">BID. Programa de Gestión Ambiental para una Producción Sustentable en el Sector productivo BID 1865/OC-AR. Subprograma Promoción de la Producción Limpia</subfield>
    </datafield>
    <datafield tag="500" ind1=" " ind2=" ">
      <subfield code="a">PNUD. Programa de Producción más limpia, Proyecto PNUD/ARG/08/015</subfield>
    </datafield>
    <datafield tag="942" ind1=" " ind2=" ">
      <subfield code="c">BK</subfield>
    </datafield>
    <datafield tag="952" ind1=" " ind2=" ">
      <subfield code="a">BIB_UARG</subfield>
      <subfield code="b">BIB_UARG</subfield>
      <subfield code="d">2013-02-18</subfield>
      <subfield code="y">BK</subfield>
      <subfield code="p">05-43875</subfield>
    </datafield>
  </record>