
  <record>
    <leader>01000aam  22002601a 4500</leader>
    <controlfield tag="001">YPZ96996</controlfield>
    <controlfield tag="003">YPZ</controlfield>
    <controlfield tag="005">201302281246570</controlfield>
    <controlfield tag="008">130228|###########||||||b||||||||||spa|d</controlfield>
    <datafield tag="020" ind1=" " ind2=" ">
      <subfield code="a">9788483223369</subfield>
    </datafield>
    <datafield tag="040" ind1=" " ind2=" ">
      <subfield code="c">SIUNPA</subfield>
    </datafield>
    <datafield tag="041" ind1=" " ind2=" ">
      <subfield code="a">spa</subfield>
    </datafield>
    <datafield tag="044" ind1=" " ind2=" ">
      <subfield code="a">ES</subfield>
    </datafield>
    <datafield tag="082" ind1=" " ind2=" ">
      <subfield code="a">502.58 K291r</subfield>
    </datafield>
    <datafield tag="100" ind1=" " ind2=" ">
      <subfield code="a">Keller, Edward A..</subfield>
    </datafield>
    <datafield tag="700" ind1=" " ind2=" ">
      <subfield code="a">Blodgett, Robert H..</subfield>
    </datafield>
    <datafield tag="245" ind1=" " ind2=" ">
      <subfield code="a">Riesgos naturales</subfield>
      <subfield code="b"> : procesos de la tierra como riesgos, desastres y catástrofes</subfield>
      <subfield code="c"> / Gil Ruiz, Pilar, tr. ; Bardají Azcárate, Teresa, rev. técnica ; Lario Gómez, Javier, rev. técnica ; Silva Barroso, Pablo G., rev. técnica</subfield>
    </datafield>
    <datafield tag="260" ind1=" " ind2=" ">
      <subfield code="a">Madrid</subfield>
      <subfield code="b"> : Prentice Hall</subfield>
      <subfield code="c"> , 2007</subfield>
    </datafield>
    <datafield tag="300" ind1=" " ind2=" ">
      <subfield code="a">xviii, 644 p. : </subfield>
      <subfield code="b">il. ; </subfield>
      <subfield code="a">455 p. : </subfield>
      <subfield code="a">xii, 438 p. : </subfield>
      <subfield code="b">il. ; </subfield>
      <subfield code="a">93 p. : </subfield>
      <subfield code="b">il. ; </subfield>
      <subfield code="a">xxi, 788 p. : </subfield>
      <subfield code="b">il. ; </subfield>
      <subfield code="a">ix, 284 p. : </subfield>
      <subfield code="b">il. ; </subfield>
      <subfield code="a">475 p. : </subfield>
      <subfield code="b">il. ; </subfield>
      <subfield code="a">xiv, 607 p. : </subfield>
      <subfield code="b">il. ; </subfield>
      <subfield code="a">xxii, 638 p. : </subfield>
      <subfield code="b">il. ; </subfield>
      <subfield code="a">205 p. : </subfield>
      <subfield code="b">il. ; </subfield>
      <subfield code="a">183 p. : </subfield>
      <subfield code="a">210 p. : </subfield>
      <subfield code="b">il. ; </subfield>
      <subfield code="a">171 p. : </subfield>
      <subfield code="b">il. ; </subfield>
      <subfield code="a">xxv, 422 p. : </subfield>
      <subfield code="b">il. ; </subfield>
      <subfield code="e">1 CD-ROM en bolsillo</subfield>
    </datafield>
    <datafield tag="942" ind1=" " ind2=" ">
      <subfield code="c">BK</subfield>
    </datafield>
    <datafield tag="952" ind1=" " ind2=" ">
      <subfield code="a">BIB_UARG</subfield>
      <subfield code="b">BIB_UARG</subfield>
      <subfield code="d">2013-02-28</subfield>
      <subfield code="y">BK</subfield>
      <subfield code="p">05-43972</subfield>
    </datafield>
    <datafield tag="952" ind1=" " ind2=" ">
      <subfield code="a">BIB_UARG</subfield>
      <subfield code="b">BIB_UARG</subfield>
      <subfield code="d">2013-02-28</subfield>
      <subfield code="y">BK</subfield>
      <subfield code="p">05-43973</subfield>
    </datafield>
    <datafield tag="952" ind1=" " ind2=" ">
      <subfield code="a">BIB_UARG</subfield>
      <subfield code="b">BIB_UARG</subfield>
      <subfield code="d">2018-02-19</subfield>
      <subfield code="y">BK</subfield>
      <subfield code="p">05-49513</subfield>
    </datafield>
  </record>