
  <record>
    <leader>01000aam  22002601a 4500</leader>
    <controlfield tag="001">YPZ97007</controlfield>
    <controlfield tag="003">YPZ</controlfield>
    <controlfield tag="005">201303011541260</controlfield>
    <controlfield tag="008">130301|###########||||||b||||||||||spa|d</controlfield>
    <datafield tag="020" ind1=" " ind2=" ">
      <subfield code="a">0078820006</subfield>
    </datafield>
    <datafield tag="040" ind1=" " ind2=" ">
      <subfield code="c">SIUNPA</subfield>
    </datafield>
    <datafield tag="041" ind1=" " ind2=" ">
      <subfield code="a">eng</subfield>
    </datafield>
    <datafield tag="044" ind1=" " ind2=" ">
      <subfield code="a">US</subfield>
    </datafield>
    <datafield tag="082" ind1=" " ind2=" ">
      <subfield code="a">004.4'277 S724s2</subfield>
    </datafield>
    <datafield tag="100" ind1=" " ind2=" ">
      <subfield code="a">Ridge, Peter M..</subfield>
    </datafield>
    <datafield tag="700" ind1=" " ind2=" ">
      <subfield code="a">Golden, David M..</subfield>
    </datafield>
    <datafield tag="700" ind1=" " ind2=" ">
      <subfield code="a">Luk, Ivan.</subfield>
    </datafield>
    <datafield tag="700" ind1=" " ind2=" ">
      <subfield code="a">Sindorf, Scott.</subfield>
    </datafield>
    <datafield tag="245" ind1=" " ind2=" ">
      <subfield code="a">Sound blaster</subfield>
      <subfield code="b"> : the official book</subfield>
    </datafield>
    <datafield tag="250" ind1=" " ind2=" ">
      <subfield code="a">2nd ed.</subfield>
    </datafield>
    <datafield tag="260" ind1=" " ind2=" ">
      <subfield code="a">Berkeley, Calif.</subfield>
      <subfield code="b"> : Osborne McGraw-Hill</subfield>
      <subfield code="c"> , 1998</subfield>
    </datafield>
    <datafield tag="300" ind1=" " ind2=" ">
      <subfield code="a">230 p. : </subfield>
      <subfield code="a">461 p. : </subfield>
      <subfield code="a">624 p. : </subfield>
      <subfield code="a">xii, 637 p. : </subfield>
      <subfield code="b">il. ; </subfield>
      <subfield code="a">481 p. : </subfield>
      <subfield code="b">il. ; </subfield>
      <subfield code="a">257 p. : </subfield>
      <subfield code="b">il. ; </subfield>
      <subfield code="e">1 diskette 3 1/2 en bolsillo</subfield>
    </datafield>
    <datafield tag="942" ind1=" " ind2=" ">
      <subfield code="c">BK</subfield>
    </datafield>
    <datafield tag="952" ind1=" " ind2=" ">
      <subfield code="a">BIB_UACO</subfield>
      <subfield code="b">BIB_UACO</subfield>
      <subfield code="d">2013-02-28</subfield>
      <subfield code="y">BK</subfield>
      <subfield code="p">02-43998</subfield>
    </datafield>
  </record>