
  <record>
    <leader>01000aam  22002601a 4500</leader>
    <controlfield tag="001">YPZ97011</controlfield>
    <controlfield tag="003">YPZ</controlfield>
    <controlfield tag="005">201303011727520</controlfield>
    <controlfield tag="008">130301|###########||||||b||||||||||spa|d</controlfield>
    <datafield tag="020" ind1=" " ind2=" ">
      <subfield code="a">8436925092</subfield>
    </datafield>
    <datafield tag="040" ind1=" " ind2=" ">
      <subfield code="c">SIUNPA</subfield>
    </datafield>
    <datafield tag="041" ind1=" " ind2=" ">
      <subfield code="a">spa</subfield>
    </datafield>
    <datafield tag="044" ind1=" " ind2=" ">
      <subfield code="a">ES</subfield>
    </datafield>
    <datafield tag="082" ind1=" " ind2=" ">
      <subfield code="a">37(460)(091) H673hi</subfield>
    </datafield>
    <datafield tag="245" ind1=" " ind2=" ">
      <subfield code="a">Historia de la educación en la España contemporánea</subfield>
      <subfield code="b"> : diez años de investigación</subfield>
      <subfield code="c"> / Guereña, Jean-Louis, ed. ; Ruiz Berrio, Julio, ed. ; Tiana Ferrer, Alejandro, ed.</subfield>
    </datafield>
    <datafield tag="260" ind1=" " ind2=" ">
      <subfield code="a">Madrid</subfield>
      <subfield code="b"> : Centro de Publicaciones, Ministerio de Educación y Ciencia</subfield>
      <subfield code="b"> : C.I.D.E.</subfield>
      <subfield code="c"> , 1994</subfield>
    </datafield>
    <datafield tag="440" ind1=" " ind2=" ">
      <subfield code="a">Colección pensamiento nacional</subfield>
      <subfield code="a">Investigaciones</subfield>
      <subfield code="v">92</subfield>
    </datafield>
    <datafield tag="490" ind1=" " ind2=" ">
      <subfield code="a">Colección pensamiento nacional</subfield>
      <subfield code="a">Investigaciones</subfield>
      <subfield code="v">92</subfield>
    </datafield>
    <datafield tag="942" ind1=" " ind2=" ">
      <subfield code="c">BK</subfield>
    </datafield>
    <datafield tag="952" ind1=" " ind2=" ">
      <subfield code="a">BIB_UASJ</subfield>
      <subfield code="b">BIB_UASJ</subfield>
      <subfield code="d">2013-03-01</subfield>
      <subfield code="y">BK</subfield>
      <subfield code="p">04-44027</subfield>
    </datafield>
  </record>