
  <record>
    <leader>01000aam  22002601a 4500</leader>
    <controlfield tag="001">YPZ97032</controlfield>
    <controlfield tag="003">YPZ</controlfield>
    <controlfield tag="005">201303051110040</controlfield>
    <controlfield tag="008">130305|###########||||||b||||||||||spa|d</controlfield>
    <datafield tag="020" ind1=" " ind2=" ">
      <subfield code="a">9502900413</subfield>
    </datafield>
    <datafield tag="040" ind1=" " ind2=" ">
      <subfield code="c">SIUNPA</subfield>
    </datafield>
    <datafield tag="041" ind1=" " ind2=" ">
      <subfield code="a">spa</subfield>
    </datafield>
    <datafield tag="044" ind1=" " ind2=" ">
      <subfield code="a">AR</subfield>
    </datafield>
    <datafield tag="082" ind1=" " ind2=" ">
      <subfield code="a">F378.4.014(091)</subfield>
    </datafield>
    <datafield tag="100" ind1=" " ind2=" ">
      <subfield code="a">Mollis, Marcela.</subfield>
    </datafield>
    <datafield tag="245" ind1=" " ind2=" ">
      <subfield code="a">La historia de la educación comparada</subfield>
      <subfield code="b"> : una aproximación teórica y metodológica aplicada</subfield>
    </datafield>
    <datafield tag="260" ind1=" " ind2=" ">
      <subfield code="a">Buenos Aires</subfield>
      <subfield code="b"> : Instituto de Investigaciones en Ciencias de la Educación, Facultad de Filosofía y Letras, UBA</subfield>
      <subfield code="c"> , 1989</subfield>
    </datafield>
    <datafield tag="440" ind1=" " ind2=" ">
      <subfield code="a">Biblioteca nuevas orientaciones de la educación. Guías para la actividad escolar</subfield>
      <subfield code="a">Seccion de obras de Historia</subfield>
      <subfield code="a">Ciencias de la Educación / Hespérides</subfield>
      <subfield code="a">Cuadernos de investigación / Instituto de Investigaciones en Ciencias de la Educación</subfield>
      <subfield code="v">no. 4</subfield>
    </datafield>
    <datafield tag="490" ind1=" " ind2=" ">
      <subfield code="a">Biblioteca nuevas orientaciones de la educación. Guías para la actividad escolar</subfield>
      <subfield code="a">Seccion de obras de Historia</subfield>
      <subfield code="a">Ciencias de la Educación / Hespérides</subfield>
      <subfield code="a">Cuadernos de investigación / Instituto de Investigaciones en Ciencias de la Educación</subfield>
      <subfield code="v">no. 4</subfield>
    </datafield>
    <datafield tag="942" ind1=" " ind2=" ">
      <subfield code="c">BK</subfield>
    </datafield>
    <datafield tag="952" ind1=" " ind2=" ">
      <subfield code="a">BIB_UASJ</subfield>
      <subfield code="b">BIB_UASJ</subfield>
      <subfield code="d">2013-03-05</subfield>
      <subfield code="y">BK</subfield>
      <subfield code="p">04-44058</subfield>
    </datafield>
  </record>