
  <record>
    <leader>01000aam  22002601a 4500</leader>
    <controlfield tag="001">YPZ97144</controlfield>
    <controlfield tag="003">YPZ</controlfield>
    <controlfield tag="005">201303131722110</controlfield>
    <controlfield tag="008">130313|###########||||||b||||||||||spa|d</controlfield>
    <datafield tag="020" ind1=" " ind2=" ">
      <subfield code="a">9789871046959</subfield>
    </datafield>
    <datafield tag="040" ind1=" " ind2=" ">
      <subfield code="c">SIUNPA</subfield>
    </datafield>
    <datafield tag="041" ind1=" " ind2=" ">
      <subfield code="a">spa</subfield>
    </datafield>
    <datafield tag="044" ind1=" " ind2=" ">
      <subfield code="a">AR</subfield>
    </datafield>
    <datafield tag="082" ind1=" " ind2=" ">
      <subfield code="a">336.226.322 A326i</subfield>
    </datafield>
    <datafield tag="100" ind1=" " ind2=" ">
      <subfield code="a">Albano, Horacio Oscar.</subfield>
    </datafield>
    <datafield tag="700" ind1=" " ind2=" ">
      <subfield code="a">Carratalá, Juan Martín.</subfield>
    </datafield>
    <datafield tag="245" ind1=" " ind2=" ">
      <subfield code="a">IVA monotributo</subfield>
      <subfield code="b"> : cálculos y planillas para su liquidación utilizando Microsoft Excel</subfield>
    </datafield>
    <datafield tag="250" ind1=" " ind2=" ">
      <subfield code="a">1a ed.</subfield>
    </datafield>
    <datafield tag="260" ind1=" " ind2=" ">
      <subfield code="a">Buenos Aires</subfield>
      <subfield code="b"> : Omicron System</subfield>
      <subfield code="c"> , 2010</subfield>
    </datafield>
    <datafield tag="300" ind1=" " ind2=" ">
      <subfield code="a">216 p. : </subfield>
      <subfield code="a">255 p. : </subfield>
      <subfield code="a">vii, 229 p. : </subfield>
      <subfield code="b">il. ; </subfield>
      <subfield code="a">101 p. : </subfield>
      <subfield code="a">322 p. : </subfield>
      <subfield code="a">324 p. : </subfield>
      <subfield code="a">94 p. : </subfield>
      <subfield code="b">il. ; </subfield>
      <subfield code="a">243 p. : </subfield>
      <subfield code="a">145 p. : </subfield>
      <subfield code="a">[52] p. : </subfield>
      <subfield code="a">590 p. : </subfield>
      <subfield code="a">279 p. : </subfield>
      <subfield code="a">259 p. : </subfield>
      <subfield code="b">il. ; </subfield>
      <subfield code="a">122 p. : </subfield>
      <subfield code="a">371 p. : </subfield>
      <subfield code="a">553 p. : </subfield>
      <subfield code="b">il. ; </subfield>
      <subfield code="a">174 p. : </subfield>
      <subfield code="a">xii, 220 p. : </subfield>
      <subfield code="b">il. ; </subfield>
      <subfield code="a">112 p. : </subfield>
      <subfield code="b">il. ; </subfield>
      <subfield code="a">143 p. : </subfield>
      <subfield code="a">[286] p. en varias paginaciones + 16 h. plegs. : </subfield>
      <subfield code="a">448 p. : </subfield>
      <subfield code="a">128 p. : </subfield>
      <subfield code="a">194 p. : </subfield>
      <subfield code="a">150 p. : </subfield>
      <subfield code="b">il. ; </subfield>
      <subfield code="a">302 p. : </subfield>
      <subfield code="a">286 p. : </subfield>
      <subfield code="a">185 p. : </subfield>
      <subfield code="a">109 p. : </subfield>
      <subfield code="a">85 p. : </subfield>
      <subfield code="a">259 p. : </subfield>
      <subfield code="a">206 p. : </subfield>
      <subfield code="a">254 p. : </subfield>
      <subfield code="a">422 p. : </subfield>
      <subfield code="a">136 p. : </subfield>
      <subfield code="a">108 p. : </subfield>
      <subfield code="a">107 p. : </subfield>
      <subfield code="a">xv, 419 p. : </subfield>
      <subfield code="b">il. ; </subfield>
      <subfield code="a">xvi, 558 p. : </subfield>
      <subfield code="a">341 p. : </subfield>
      <subfield code="b">il. ; </subfield>
      <subfield code="a">103 p. : </subfield>
      <subfield code="a">199 p. : </subfield>
      <subfield code="b">il. ; </subfield>
      <subfield code="a">184 p. : </subfield>
      <subfield code="a">100 p. : </subfield>
      <subfield code="a">118 p. : </subfield>
      <subfield code="a">185 p. : </subfield>
      <subfield code="a">66 p. : </subfield>
      <subfield code="a">111 p. : </subfield>
      <subfield code="a">217 p. : </subfield>
      <subfield code="a">265 p. : </subfield>
      <subfield code="a">188 p. : </subfield>
      <subfield code="b">il. ; </subfield>
      <subfield code="a">207 p. : </subfield>
      <subfield code="b">il. ; </subfield>
      <subfield code="a">365 p. : </subfield>
      <subfield code="b">il. ; </subfield>
      <subfield code="a">214 p. : </subfield>
      <subfield code="a">200 p. : </subfield>
      <subfield code="a">206 p. : </subfield>
      <subfield code="a">126 p. : </subfield>
      <subfield code="a">100 p. : </subfield>
      <subfield code="b">il. ; </subfield>
      <subfield code="a">vii, 287 p. : </subfield>
      <subfield code="b">il. ; </subfield>
      <subfield code="a">90 p. : </subfield>
      <subfield code="a">95 p. : </subfield>
      <subfield code="a">92 p. : </subfield>
      <subfield code="a">111 p. : </subfield>
      <subfield code="a">94 p. : </subfield>
      <subfield code="a">xxxii, 533 p. : </subfield>
      <subfield code="a">111 p. : </subfield>
      <subfield code="b">cuadros ; </subfield>
      <subfield code="a">133 p. : </subfield>
      <subfield code="b">il. ; </subfield>
      <subfield code="a">96 p. : </subfield>
      <subfield code="a">93 p. : </subfield>
      <subfield code="a">125 p. : </subfield>
      <subfield code="a">94 p. : </subfield>
      <subfield code="a">111 p. : </subfield>
      <subfield code="a">105 p. : </subfield>
      <subfield code="a">126 p. : </subfield>
      <subfield code="a">102 p. : </subfield>
      <subfield code="a">95 p. : </subfield>
      <subfield code="a">2 v. : </subfield>
      <subfield code="a">v. : </subfield>
      <subfield code="a">2 v. : </subfield>
      <subfield code="a">2 v. : </subfield>
      <subfield code="a">102 p. : </subfield>
      <subfield code="b">il. ; </subfield>
      <subfield code="a">95 p. : </subfield>
      <subfield code="b">il. ; </subfield>
      <subfield code="a">92 p. : </subfield>
      <subfield code="b">il. ; </subfield>
      <subfield code="a">125 p. : </subfield>
      <subfield code="b">il. ; </subfield>
      <subfield code="a">111 p. : </subfield>
      <subfield code="a">2 v. : </subfield>
      <subfield code="a">229 p. : </subfield>
      <subfield code="a">95 p. : </subfield>
      <subfield code="b">il. ; </subfield>
      <subfield code="a">95 p. : </subfield>
      <subfield code="b">il. ; </subfield>
      <subfield code="a">109 p. : </subfield>
      <subfield code="a">213 p. : </subfield>
      <subfield code="a">v. : </subfield>
      <subfield code="a">xi, [616] p. en varias paginaciones : </subfield>
      <subfield code="b">il. ; </subfield>
      <subfield code="a">338 p. : </subfield>
      <subfield code="b">il. ; </subfield>
      <subfield code="a">249 p. : </subfield>
      <subfield code="a">267 p. : </subfield>
      <subfield code="b">il. ; </subfield>
      <subfield code="e">1 CD-ROM en bolsillo</subfield>
    </datafield>
    <datafield tag="500" ind1=" " ind2=" ">
      <subfield code="a">En cubierta: Cálculo categorización monotributo en Microsoft Excel. Libro IVA ventas-IVA compras en Microsoft Excel. Nuevos parámetros y cat. inicial monotributo. Factura electrónica. Legislación IVA-monotributo</subfield>
    </datafield>
    <datafield tag="942" ind1=" " ind2=" ">
      <subfield code="c">BK</subfield>
    </datafield>
    <datafield tag="952" ind1=" " ind2=" ">
      <subfield code="a">BIB_UARG</subfield>
      <subfield code="b">BIB_UARG</subfield>
      <subfield code="d">2013-03-13</subfield>
      <subfield code="y">BK</subfield>
      <subfield code="p">05-44186</subfield>
    </datafield>
  </record>