
  <record>
    <leader>01000aam  22002601a 4500</leader>
    <controlfield tag="001">YPZ97165</controlfield>
    <controlfield tag="003">YPZ</controlfield>
    <controlfield tag="005">201303141629400</controlfield>
    <controlfield tag="008">130314|###########||||||b||||||||||spa|d</controlfield>
    <datafield tag="020" ind1=" " ind2=" ">
      <subfield code="a">9503403391</subfield>
    </datafield>
    <datafield tag="040" ind1=" " ind2=" ">
      <subfield code="c">SIUNPA</subfield>
    </datafield>
    <datafield tag="041" ind1=" " ind2=" ">
      <subfield code="a">spa</subfield>
    </datafield>
    <datafield tag="044" ind1=" " ind2=" ">
      <subfield code="a">AR</subfield>
    </datafield>
    <datafield tag="082" ind1=" " ind2=" ">
      <subfield code="a">821.134.2.09 U588a</subfield>
    </datafield>
    <datafield tag="110" ind1=" " ind2=" ">
      <subfield code="a">Universidad Nacional de La Plata. Biblioteca Pública.</subfield>
    </datafield>
    <datafield tag="245" ind1=" " ind2=" ">
      <subfield code="a">Aventuras del Quijote en la UNLP</subfield>
      <subfield code="b"> : 75 joyas de la colección cervantina de la Biblioteca Pública. Catálogo</subfield>
      <subfield code="c"> / Mangiaterra, Norma, coord. ; Chicote, Gloira B., coord.</subfield>
    </datafield>
    <datafield tag="260" ind1=" " ind2=" ">
      <subfield code="a">La Plata</subfield>
      <subfield code="b"> : Biblioteca Pública, Universidad Nacional de La Plata</subfield>
      <subfield code="c"> , 2005</subfield>
    </datafield>
    <datafield tag="500" ind1=" " ind2=" ">
      <subfield code="a">En portada: En conmemoración del I Centenario Universidad Nacional de La Plata (1905), IV Centenario de la Edición Princeps del Quijote (1605)</subfield>
    </datafield>
    <datafield tag="500" ind1=" " ind2=" ">
      <subfield code="a">En cub.: Don Quijote de la Mancha</subfield>
    </datafield>
    <datafield tag="942" ind1=" " ind2=" ">
      <subfield code="c">BK</subfield>
    </datafield>
    <datafield tag="952" ind1=" " ind2=" ">
      <subfield code="a">BIB_UARG</subfield>
      <subfield code="b">BIB_UARG</subfield>
      <subfield code="d">2013-03-11</subfield>
      <subfield code="y">BK</subfield>
      <subfield code="p">05-44164</subfield>
    </datafield>
  </record>