
  <record>
    <leader>01000aam  22002601a 4500</leader>
    <controlfield tag="001">YPZ97174</controlfield>
    <controlfield tag="003">YPZ</controlfield>
    <controlfield tag="005">201303180830280</controlfield>
    <controlfield tag="008">130318|###########||||||b||||||||||spa|d</controlfield>
    <datafield tag="040" ind1=" " ind2=" ">
      <subfield code="c">SIUNPA</subfield>
    </datafield>
    <datafield tag="041" ind1=" " ind2=" ">
      <subfield code="a">spa</subfield>
    </datafield>
    <datafield tag="044" ind1=" " ind2=" ">
      <subfield code="a">AR</subfield>
    </datafield>
    <datafield tag="082" ind1=" " ind2=" ">
      <subfield code="a">821.134.2(82) M665p</subfield>
    </datafield>
    <datafield tag="100" ind1=" " ind2=" ">
      <subfield code="a">Minieri, Ramón.</subfield>
    </datafield>
    <datafield tag="245" ind1=" " ind2=" ">
      <subfield code="a">Las piedras, el agua</subfield>
      <subfield code="b"> : poesías</subfield>
    </datafield>
    <datafield tag="260" ind1=" " ind2=" ">
      <subfield code="a">Río Colorado</subfield>
      <subfield code="b"> : R. Minieri, ed.</subfield>
      <subfield code="c"> , 2011</subfield>
    </datafield>
    <datafield tag="500" ind1=" " ind2=" ">
      <subfield code="a">La obra presenta el texto en dos partes de lectura invertida, con tapas, portada independientes</subfield>
    </datafield>
    <datafield tag="500" ind1=" " ind2=" ">
      <subfield code="a">Libros de ciudades: manifiestos, oficios, ensalmos, crónicas</subfield>
    </datafield>
    <datafield tag="505" ind1="0" ind2="0">
      <subfield code="g">p. 1-74</subfield>
      <subfield code="g">- LITERATURA ARGENTINA|-POESIA</subfield>
      <subfield code="r">Minieri, Ramón</subfield>
      <subfield code="t">Libros de ciudades:manifiestos, oficios, ensalmos, crónicas</subfield>
    </datafield>
    <datafield tag="773" ind1="0" ind2="#">
      <subfield code="a">Minieri, Ramón</subfield>
      <subfield code="g">- LITERATURA ARGENTINA|-POESIA</subfield>
      <subfield code="h">p. 1-74</subfield>
      <subfield code="t">Libros de ciudades:manifiestos, oficios, ensalmos, crónicas</subfield>
    </datafield>
    <datafield tag="942" ind1=" " ind2=" ">
      <subfield code="c">BK</subfield>
    </datafield>
    <datafield tag="952" ind1=" " ind2=" ">
      <subfield code="a">BIB_UARG</subfield>
      <subfield code="b">BIB_UARG</subfield>
      <subfield code="d">2013-03-18</subfield>
      <subfield code="y">BK</subfield>
      <subfield code="p">05-44179</subfield>
    </datafield>
  </record>