
  <record>
    <leader>01000aam  22002601a 4500</leader>
    <controlfield tag="001">YPZ97201</controlfield>
    <controlfield tag="003">YPZ</controlfield>
    <controlfield tag="005">201303201406030</controlfield>
    <controlfield tag="008">130320|###########||||||b||||||||||spa|d</controlfield>
    <datafield tag="020" ind1=" " ind2=" ">
      <subfield code="a">0198548605</subfield>
    </datafield>
    <datafield tag="040" ind1=" " ind2=" ">
      <subfield code="c">SIUNPA</subfield>
    </datafield>
    <datafield tag="041" ind1=" " ind2=" ">
      <subfield code="a">eng</subfield>
    </datafield>
    <datafield tag="044" ind1=" " ind2=" ">
      <subfield code="a">UK</subfield>
    </datafield>
    <datafield tag="082" ind1=" " ind2=" ">
      <subfield code="a">598.2 P273p</subfield>
    </datafield>
    <datafield tag="245" ind1=" " ind2=" ">
      <subfield code="a">Partnerships in birds</subfield>
      <subfield code="b"> : the study of monogamy</subfield>
      <subfield code="c"> / Black, Jeffrey M., ed. ; Hulme, Mark, il.</subfield>
    </datafield>
    <datafield tag="260" ind1=" " ind2=" ">
      <subfield code="a">Oxford</subfield>
      <subfield code="b"> : Oxford University Press</subfield>
      <subfield code="c"> , reimpr.2002</subfield>
    </datafield>
    <datafield tag="440" ind1=" " ind2=" ">
      <subfield code="a">Colección conjeturas</subfield>
      <subfield code="a">Colección temática empresarial</subfield>
      <subfield code="a">Addison-Wesley signature series</subfield>
      <subfield code="a">Oxford ornithology series</subfield>
      <subfield code="v">6</subfield>
    </datafield>
    <datafield tag="490" ind1=" " ind2=" ">
      <subfield code="a">Colección conjeturas</subfield>
      <subfield code="a">Colección temática empresarial</subfield>
      <subfield code="a">Addison-Wesley signature series</subfield>
      <subfield code="a">Oxford ornithology series</subfield>
      <subfield code="v">6</subfield>
    </datafield>
    <datafield tag="942" ind1=" " ind2=" ">
      <subfield code="c">BK</subfield>
    </datafield>
    <datafield tag="952" ind1=" " ind2=" ">
      <subfield code="a">SAT_PDES</subfield>
      <subfield code="b">SAT_PDES</subfield>
      <subfield code="d">2013-03-20</subfield>
      <subfield code="y">BK</subfield>
      <subfield code="p">16-44265</subfield>
    </datafield>
  </record>