
  <record>
    <leader>01000aam  22002601a 4500</leader>
    <controlfield tag="001">YPZ97210</controlfield>
    <controlfield tag="003">YPZ</controlfield>
    <controlfield tag="005">201303221419000</controlfield>
    <controlfield tag="008">130322|###########||||||b||||||||||spa|d</controlfield>
    <datafield tag="020" ind1=" " ind2=" ">
      <subfield code="a">9780977752720</subfield>
    </datafield>
    <datafield tag="040" ind1=" " ind2=" ">
      <subfield code="c">SIUNPA</subfield>
    </datafield>
    <datafield tag="041" ind1=" " ind2=" ">
      <subfield code="a">eng</subfield>
    </datafield>
    <datafield tag="044" ind1=" " ind2=" ">
      <subfield code="a">US</subfield>
    </datafield>
    <datafield tag="082" ind1=" " ind2=" ">
      <subfield code="a">65.015.6 W582b</subfield>
    </datafield>
    <datafield tag="100" ind1=" " ind2=" ">
      <subfield code="a">White, Stephen A..</subfield>
    </datafield>
    <datafield tag="700" ind1=" " ind2=" ">
      <subfield code="a">Miers, Derek.</subfield>
    </datafield>
    <datafield tag="245" ind1=" " ind2=" ">
      <subfield code="a">BPMN modeling and reference guide</subfield>
      <subfield code="b"> : understanding and using BPMN</subfield>
    </datafield>
    <datafield tag="260" ind1=" " ind2=" ">
      <subfield code="a">Lighthouse Point, Fla.</subfield>
      <subfield code="b"> : Future Strategies</subfield>
      <subfield code="c"> , 2008.</subfield>
    </datafield>
    <datafield tag="500" ind1=" " ind2=" ">
      <subfield code="a">En portada: develop rigorous yet understandable graphical representations of business processes</subfield>
    </datafield>
    <datafield tag="942" ind1=" " ind2=" ">
      <subfield code="c">BK</subfield>
    </datafield>
    <datafield tag="952" ind1=" " ind2=" ">
      <subfield code="a">BIB_UART</subfield>
      <subfield code="b">BIB_UART</subfield>
      <subfield code="d">2013-03-22</subfield>
      <subfield code="y">BK</subfield>
      <subfield code="p">03-44373</subfield>
    </datafield>
  </record>