
  <record>
    <leader>01000aam  22002601a 4500</leader>
    <controlfield tag="001">YPZ97225</controlfield>
    <controlfield tag="003">YPZ</controlfield>
    <controlfield tag="005">201303251426090</controlfield>
    <controlfield tag="008">130325|###########||||||b||||||||||spa|d</controlfield>
    <datafield tag="020" ind1=" " ind2=" ">
      <subfield code="a">9789508964200 (o.c.)</subfield>
    </datafield>
    <datafield tag="020" ind1=" " ind2=" ">
      <subfield code="a">9789508964212 (t.1)</subfield>
    </datafield>
    <datafield tag="020" ind1=" " ind2=" ">
      <subfield code="a">9789508964229 (t.2)</subfield>
    </datafield>
    <datafield tag="020" ind1=" " ind2=" ">
      <subfield code="a">9789508964199 (CDROM)</subfield>
    </datafield>
    <datafield tag="040" ind1=" " ind2=" ">
      <subfield code="c">SIUNPA</subfield>
    </datafield>
    <datafield tag="041" ind1=" " ind2=" ">
      <subfield code="a">spa</subfield>
    </datafield>
    <datafield tag="044" ind1=" " ind2=" ">
      <subfield code="a">AR</subfield>
    </datafield>
    <datafield tag="082" ind1=" " ind2=" ">
      <subfield code="a">314.02 I597c 2010</subfield>
    </datafield>
    <datafield tag="110" ind1=" " ind2=" ">
      <subfield code="a">Instituto Nacional de Estadísticas y Censos (Argentina).</subfield>
    </datafield>
    <datafield tag="245" ind1=" " ind2=" ">
      <subfield code="a">Censo nacional de población, hogares y vivienda 2010</subfield>
      <subfield code="b"> : censo del bicentenario</subfield>
    </datafield>
    <datafield tag="260" ind1=" " ind2=" ">
      <subfield code="a">Buenos Aires</subfield>
      <subfield code="b"> : INDEC</subfield>
      <subfield code="c"> , 2012</subfield>
    </datafield>
    <datafield tag="300" ind1=" " ind2=" ">
      <subfield code="a">414 p. : </subfield>
      <subfield code="b">il. ; </subfield>
      <subfield code="a">xvii, 562 p. : </subfield>
      <subfield code="b">il. ; </subfield>
      <subfield code="a">x, 484 p. : </subfield>
      <subfield code="b">il. ; </subfield>
      <subfield code="a">xxviii, 760 p. : </subfield>
      <subfield code="b">il. ; </subfield>
      <subfield code="a">xviii, 757 p. : </subfield>
      <subfield code="b">il. ; </subfield>
      <subfield code="a">304 p. : </subfield>
      <subfield code="b">il. ; </subfield>
      <subfield code="a">xx, 908 p. : </subfield>
      <subfield code="b">il. ; </subfield>
      <subfield code="a">xxi, 268 p. : </subfield>
      <subfield code="b">il. ; </subfield>
      <subfield code="a">149 p. : </subfield>
      <subfield code="a">146 p. : </subfield>
      <subfield code="b">il. ; </subfield>
      <subfield code="a">xi, 420 p. : </subfield>
      <subfield code="b">il. ; </subfield>
      <subfield code="a">xxvi, 488 p. : </subfield>
      <subfield code="b">il. ; </subfield>
      <subfield code="a">xxvi, 672 p. : </subfield>
      <subfield code="b">il. ; </subfield>
      <subfield code="a">viii, 942 p. : </subfield>
      <subfield code="b">il. ; </subfield>
      <subfield code="a">389 p. : </subfield>
      <subfield code="b">il. ; </subfield>
      <subfield code="a">xix, 589 p. : </subfield>
      <subfield code="b">il. ; </subfield>
      <subfield code="a">xxvii, 323 p. : </subfield>
      <subfield code="b">il. ; </subfield>
      <subfield code="a">x, 455 p. : </subfield>
      <subfield code="b">il. ; </subfield>
      <subfield code="a">xxii, 189 p. : </subfield>
      <subfield code="b">il. ; </subfield>
      <subfield code="a">225 p. : </subfield>
      <subfield code="b">il. ; </subfield>
      <subfield code="a">xi, 264 p. : </subfield>
      <subfield code="b">il. ; </subfield>
      <subfield code="a">v. : </subfield>
      <subfield code="a">136 p. : </subfield>
      <subfield code="a">122 p. : </subfield>
      <subfield code="b">il. ; </subfield>
      <subfield code="a">303 p. : </subfield>
      <subfield code="a">254 p. : </subfield>
      <subfield code="a">159 p. : </subfield>
      <subfield code="b">il. ; </subfield>
      <subfield code="a">126 p. : </subfield>
      <subfield code="a">2 v. : </subfield>
      <subfield code="b">il. ; </subfield>
      <subfield code="a">176 p. : </subfield>
      <subfield code="a">159 p. : </subfield>
      <subfield code="a">128 p. : </subfield>
      <subfield code="a">374 p. : </subfield>
      <subfield code="b">il. ; </subfield>
      <subfield code="a">2 t. : </subfield>
      <subfield code="b">il. ; </subfield>
      <subfield code="e">1 CD-ROM en bolsillo</subfield>
    </datafield>
    <datafield tag="440" ind1=" " ind2=" ">
      <subfield code="a">Serie B, resultados definitivos</subfield>
      <subfield code="v">no. 2</subfield>
    </datafield>
    <datafield tag="490" ind1=" " ind2=" ">
      <subfield code="a">Serie B, resultados definitivos</subfield>
      <subfield code="v">no. 2</subfield>
    </datafield>
    <datafield tag="942" ind1=" " ind2=" ">
      <subfield code="c">BK</subfield>
    </datafield>
    <datafield tag="952" ind1=" " ind2=" ">
      <subfield code="a">BIB_UACO</subfield>
      <subfield code="b">BIB_UACO</subfield>
      <subfield code="d">2013-03-23</subfield>
      <subfield code="y">BK</subfield>
      <subfield code="p">02-44381</subfield>
    </datafield>
    <datafield tag="952" ind1=" " ind2=" ">
      <subfield code="a">BIB_UACO</subfield>
      <subfield code="b">BIB_UACO</subfield>
      <subfield code="d">2013-03-22</subfield>
      <subfield code="y">BK</subfield>
      <subfield code="p">02-44382</subfield>
    </datafield>
  </record>