
  <record>
    <leader>01000aam  22002601a 4500</leader>
    <controlfield tag="001">YPZ97282</controlfield>
    <controlfield tag="003">YPZ</controlfield>
    <controlfield tag="005">201304041257370</controlfield>
    <controlfield tag="008">130404|###########||||||b||||||||||spa|d</controlfield>
    <datafield tag="040" ind1=" " ind2=" ">
      <subfield code="c">SIUNPA</subfield>
    </datafield>
    <datafield tag="041" ind1=" " ind2=" ">
      <subfield code="a">spa</subfield>
    </datafield>
    <datafield tag="044" ind1=" " ind2=" ">
      <subfield code="a">AR</subfield>
    </datafield>
    <datafield tag="082" ind1=" " ind2=" ">
      <subfield code="a">930.1 C286d</subfield>
    </datafield>
    <datafield tag="100" ind1=" " ind2=" ">
      <subfield code="a">Carlyle, Thomas.</subfield>
    </datafield>
    <datafield tag="700" ind1=" " ind2=" ">
      <subfield code="a">Emerson, Ralph Waldo.</subfield>
    </datafield>
    <datafield tag="245" ind1=" " ind2=" ">
      <subfield code="a">De los héroes</subfield>
      <subfield code="c"> / Borges, Jorge Luis, tr. y estudio prelim.</subfield>
    </datafield>
    <datafield tag="250" ind1=" " ind2=" ">
      <subfield code="a">1a ed.</subfield>
    </datafield>
    <datafield tag="260" ind1=" " ind2=" ">
      <subfield code="a">Buenos Aires</subfield>
      <subfield code="b"> : Jackson</subfield>
      <subfield code="c"> , 1949</subfield>
    </datafield>
    <datafield tag="440" ind1=" " ind2=" ">
      <subfield code="a">Clásicos Jackson. Segunda serie</subfield>
      <subfield code="v">v. 36</subfield>
    </datafield>
    <datafield tag="490" ind1=" " ind2=" ">
      <subfield code="a">Clásicos Jackson. Segunda serie</subfield>
      <subfield code="v">v. 36</subfield>
    </datafield>
    <datafield tag="505" ind1="0" ind2="0">
      <subfield code="g">p. 227-381</subfield>
      <subfield code="g">- ARQUETIPOS|-BIOGRAFIA</subfield>
      <subfield code="r">Emerson, Ralph Waldo</subfield>
      <subfield code="t">Hombres representativos</subfield>
    </datafield>
    <datafield tag="773" ind1="0" ind2="#">
      <subfield code="a">Emerson, Ralph Waldo</subfield>
      <subfield code="g">- ARQUETIPOS|-BIOGRAFIA</subfield>
      <subfield code="h">p. 227-381</subfield>
      <subfield code="t">Hombres representativos</subfield>
    </datafield>
    <datafield tag="942" ind1=" " ind2=" ">
      <subfield code="c">BK</subfield>
    </datafield>
    <datafield tag="952" ind1=" " ind2=" ">
      <subfield code="a">BIB_UARG</subfield>
      <subfield code="b">BIB_UARG</subfield>
      <subfield code="d">2013-04-04</subfield>
      <subfield code="y">BK</subfield>
      <subfield code="p">05-00785</subfield>
    </datafield>
  </record>