
  <record>
    <leader>01000aam  22002601a 4500</leader>
    <controlfield tag="001">YPZ97289</controlfield>
    <controlfield tag="003">YPZ</controlfield>
    <controlfield tag="005">201304051117310</controlfield>
    <controlfield tag="008">130405|###########||||||b||||||||||spa|d</controlfield>
    <datafield tag="040" ind1=" " ind2=" ">
      <subfield code="c">SIUNPA</subfield>
    </datafield>
    <datafield tag="041" ind1=" " ind2=" ">
      <subfield code="a">spa</subfield>
    </datafield>
    <datafield tag="044" ind1=" " ind2=" ">
      <subfield code="a">AR</subfield>
    </datafield>
    <datafield tag="082" ind1=" " ind2=" ">
      <subfield code="a">141.131 J545s</subfield>
    </datafield>
    <datafield tag="100" ind1=" " ind2=" ">
      <subfield code="a">Jenofonte.</subfield>
    </datafield>
    <datafield tag="245" ind1=" " ind2=" ">
      <subfield code="a">Socráticas</subfield>
      <subfield code="c"> / García Bacca, David, tr. y estudio prelim.</subfield>
    </datafield>
    <datafield tag="250" ind1=" " ind2=" ">
      <subfield code="a">1a ed.</subfield>
    </datafield>
    <datafield tag="260" ind1=" " ind2=" ">
      <subfield code="a">Buenos Aires</subfield>
      <subfield code="b"> : Jackson</subfield>
      <subfield code="c"> , 1949</subfield>
    </datafield>
    <datafield tag="440" ind1=" " ind2=" ">
      <subfield code="a">Clásicos Jackson. Segunda serie</subfield>
      <subfield code="v">v. 23</subfield>
    </datafield>
    <datafield tag="490" ind1=" " ind2=" ">
      <subfield code="a">Clásicos Jackson. Segunda serie</subfield>
      <subfield code="v">v. 23</subfield>
    </datafield>
    <datafield tag="505" ind1="0" ind2="0">
      <subfield code="g">p. 215-495</subfield>
      <subfield code="g">- SOCRATES (470-399 a.c.)- CIRO EL GRAND</subfield>
      <subfield code="r">Jenofonte</subfield>
      <subfield code="t">Ciropedia</subfield>
    </datafield>
    <datafield tag="505" ind1="0" ind2="0">
      <subfield code="g">p. 137-209</subfield>
      <subfield code="g">- FILOSOFIA GRIEGA</subfield>
      <subfield code="r">Jenofonte</subfield>
      <subfield code="t">Economía</subfield>
    </datafield>
    <datafield tag="773" ind1="0" ind2="#">
      <subfield code="a">Jenofonte</subfield>
      <subfield code="g">- SOCRATES (470-399 a.c.)- CIRO EL GRAND</subfield>
      <subfield code="h">p. 215-495</subfield>
      <subfield code="t">Ciropedia</subfield>
    </datafield>
    <datafield tag="773" ind1="0" ind2="#">
      <subfield code="a">Jenofonte</subfield>
      <subfield code="g">- FILOSOFIA GRIEGA</subfield>
      <subfield code="h">p. 137-209</subfield>
      <subfield code="t">Economía</subfield>
    </datafield>
    <datafield tag="942" ind1=" " ind2=" ">
      <subfield code="c">BK</subfield>
    </datafield>
    <datafield tag="952" ind1=" " ind2=" ">
      <subfield code="a">BIB_UARG</subfield>
      <subfield code="b">BIB_UARG</subfield>
      <subfield code="d">2013-04-05</subfield>
      <subfield code="y">BK</subfield>
      <subfield code="p">05-00773</subfield>
    </datafield>
  </record>