
  <record>
    <leader>01000aam  22002601a 4500</leader>
    <controlfield tag="001">YPZ97338</controlfield>
    <controlfield tag="003">YPZ</controlfield>
    <controlfield tag="005">201304111606530</controlfield>
    <controlfield tag="008">130411|###########||||||b||||||||||spa|d</controlfield>
    <datafield tag="020" ind1=" " ind2=" ">
      <subfield code="a">8433913921</subfield>
    </datafield>
    <datafield tag="040" ind1=" " ind2=" ">
      <subfield code="c">SIUNPA</subfield>
    </datafield>
    <datafield tag="041" ind1=" " ind2=" ">
      <subfield code="a">spa</subfield>
    </datafield>
    <datafield tag="044" ind1=" " ind2=" ">
      <subfield code="a">ES</subfield>
    </datafield>
    <datafield tag="082" ind1=" " ind2=" ">
      <subfield code="a">001.818 C343c6</subfield>
    </datafield>
    <datafield tag="100" ind1=" " ind2=" ">
      <subfield code="a">Cassany, Daniel.</subfield>
    </datafield>
    <datafield tag="245" ind1=" " ind2=" ">
      <subfield code="a">La cocina de la escritura</subfield>
    </datafield>
    <datafield tag="250" ind1=" " ind2=" ">
      <subfield code="a">6a ed.</subfield>
    </datafield>
    <datafield tag="260" ind1=" " ind2=" ">
      <subfield code="a">Barcelona</subfield>
      <subfield code="b"> : Anagrama</subfield>
      <subfield code="c"> , 1998</subfield>
    </datafield>
    <datafield tag="440" ind1=" " ind2=" ">
      <subfield code="a">Colección Derechos Humanos para todos. Serie normas y acciones en un estado de Derecho</subfield>
      <subfield code="a">Colección Derechos Humanos para todos. Serie normas y acciones en un estado de Derecho</subfield>
      <subfield code="a">Colección Derechos Humanos para todos. Serie normas y acciones en un estado de Derecho</subfield>
      <subfield code="a">Colección Derechos Humanos para todos. Serie normas y acciones en un estado de Derecho</subfield>
      <subfield code="a">Pensar en derechos</subfield>
      <subfield code="a">Colección argumentos</subfield>
      <subfield code="v">162</subfield>
    </datafield>
    <datafield tag="490" ind1=" " ind2=" ">
      <subfield code="a">Colección Derechos Humanos para todos. Serie normas y acciones en un estado de Derecho</subfield>
      <subfield code="a">Colección Derechos Humanos para todos. Serie normas y acciones en un estado de Derecho</subfield>
      <subfield code="a">Colección Derechos Humanos para todos. Serie normas y acciones en un estado de Derecho</subfield>
      <subfield code="a">Colección Derechos Humanos para todos. Serie normas y acciones en un estado de Derecho</subfield>
      <subfield code="a">Pensar en derechos</subfield>
      <subfield code="a">Colección argumentos</subfield>
      <subfield code="v">162</subfield>
    </datafield>
    <datafield tag="942" ind1=" " ind2=" ">
      <subfield code="c">BK</subfield>
    </datafield>
    <datafield tag="952" ind1=" " ind2=" ">
      <subfield code="a">BIB_UASJ</subfield>
      <subfield code="b">BIB_UASJ</subfield>
      <subfield code="d">2013-02-19</subfield>
      <subfield code="y">BK</subfield>
      <subfield code="p">04-00986</subfield>
    </datafield>
  </record>