
  <record>
    <leader>01000aam  22002601a 4500</leader>
    <controlfield tag="001">YPZ97371</controlfield>
    <controlfield tag="003">YPZ</controlfield>
    <controlfield tag="005">201304150950250</controlfield>
    <controlfield tag="008">130415|###########||||||b||||||||||spa|d</controlfield>
    <datafield tag="040" ind1=" " ind2=" ">
      <subfield code="c">SIUNPA</subfield>
    </datafield>
    <datafield tag="041" ind1=" " ind2=" ">
      <subfield code="a">spa</subfield>
    </datafield>
    <datafield tag="044" ind1=" " ind2=" ">
      <subfield code="a">AR</subfield>
    </datafield>
    <datafield tag="082" ind1=" " ind2=" ">
      <subfield code="a">305-055.2 D294d</subfield>
    </datafield>
    <datafield tag="245" ind1=" " ind2=" ">
      <subfield code="a">Decir mujer es decir trabajo</subfield>
      <subfield code="b"> : metodologías para la medición del uso del tiempo con perspectiva de género</subfield>
      <subfield code="c"> / Colli, Rita, coord.</subfield>
    </datafield>
    <datafield tag="260" ind1=" " ind2=" ">
      <subfield code="a">Buenos Aires</subfield>
      <subfield code="b"> : Consejo Nacional de la Mujer</subfield>
      <subfield code="b"> : Embajada de España</subfield>
      <subfield code="b"> : Agencia Española de Cooperación Internacional</subfield>
      <subfield code="c"> , 2006</subfield>
    </datafield>
    <datafield tag="942" ind1=" " ind2=" ">
      <subfield code="c">BK</subfield>
    </datafield>
    <datafield tag="952" ind1=" " ind2=" ">
      <subfield code="a">BIB_UARG</subfield>
      <subfield code="b">BIB_UARG</subfield>
      <subfield code="d">2013-04-15</subfield>
      <subfield code="y">BK</subfield>
      <subfield code="p">05-44481</subfield>
    </datafield>
  </record>