
  <record>
    <leader>01000aam  22002601a 4500</leader>
    <controlfield tag="001">YPZ97377</controlfield>
    <controlfield tag="003">YPZ</controlfield>
    <controlfield tag="005">201304151354200</controlfield>
    <controlfield tag="008">130415|###########||||||b||||||||||spa|d</controlfield>
    <datafield tag="040" ind1=" " ind2=" ">
      <subfield code="c">SIUNPA</subfield>
    </datafield>
    <datafield tag="041" ind1=" " ind2=" ">
      <subfield code="a">spa</subfield>
    </datafield>
    <datafield tag="044" ind1=" " ind2=" ">
      <subfield code="a">AR</subfield>
    </datafield>
    <datafield tag="082" ind1=" " ind2=" ">
      <subfield code="a">316.42 P964a</subfield>
    </datafield>
    <datafield tag="110" ind1=" " ind2=" ">
      <subfield code="a">Programa de las Naciones Unidas para el Desarrollo.</subfield>
    </datafield>
    <datafield tag="245" ind1=" " ind2=" ">
      <subfield code="a">Aportes para el desarrollo humano de la Argentina 2002</subfield>
      <subfield code="c"> / Riz, Liliana de, coord. ; Portantiero, Juan Carlos, coord.</subfield>
    </datafield>
    <datafield tag="260" ind1=" " ind2=" ">
      <subfield code="a">Buenos Aires</subfield>
      <subfield code="b"> : Programa de las Naciones Unidas para el Desarrollo, PNUD</subfield>
      <subfield code="c"> , 2002</subfield>
    </datafield>
    <datafield tag="300" ind1=" " ind2=" ">
      <subfield code="a">102 p. : </subfield>
      <subfield code="a">140 p. : </subfield>
      <subfield code="b">il. ; </subfield>
      <subfield code="a">208 p. : </subfield>
      <subfield code="a">167 p. : </subfield>
      <subfield code="a">133 p. : </subfield>
      <subfield code="a">255 p. : </subfield>
      <subfield code="a">v. : </subfield>
      <subfield code="b">il. ; </subfield>
      <subfield code="a">550 p. : </subfield>
      <subfield code="a">v. : </subfield>
      <subfield code="a">255 p. : </subfield>
      <subfield code="a">375 p. : </subfield>
      <subfield code="b">il. ; </subfield>
      <subfield code="a">229 p. : </subfield>
      <subfield code="a">182 p. : </subfield>
      <subfield code="a">xxx, 770 p : </subfield>
      <subfield code="b">il. ; </subfield>
      <subfield code="a">xxxiv, 745 p. : </subfield>
      <subfield code="b">il. ; </subfield>
      <subfield code="a">475 p. : </subfield>
      <subfield code="b">il. ; </subfield>
      <subfield code="a">xvi, 425 p. : </subfield>
      <subfield code="b">il. ; </subfield>
      <subfield code="a">407 p. : </subfield>
      <subfield code="b">il. ; </subfield>
      <subfield code="a">407 p. : </subfield>
      <subfield code="b">il. ; </subfield>
      <subfield code="a">2 v. : </subfield>
      <subfield code="b">il. ; </subfield>
      <subfield code="a">194 p. : </subfield>
      <subfield code="a">v. : </subfield>
      <subfield code="b">il. ; </subfield>
      <subfield code="a">234 p. : </subfield>
      <subfield code="a">252 p. : </subfield>
      <subfield code="a">741 p. : </subfield>
      <subfield code="b">il. ; </subfield>
      <subfield code="a">xiv, 194 p. : </subfield>
      <subfield code="b">il. ; </subfield>
      <subfield code="a">347 p. : </subfield>
      <subfield code="a">210 p. : </subfield>
      <subfield code="a">70 p. : </subfield>
      <subfield code="b">il. ; </subfield>
      <subfield code="a">ii, 314 p. : </subfield>
      <subfield code="a">156 p. : </subfield>
      <subfield code="b">il. ; </subfield>
      <subfield code="a">64 p. : </subfield>
      <subfield code="b">il. ; </subfield>
      <subfield code="a">xvii, 367 p. : </subfield>
      <subfield code="b">il ; </subfield>
      <subfield code="a">206 p. : </subfield>
      <subfield code="b">il. ; </subfield>
      <subfield code="a">4 v. : </subfield>
      <subfield code="b">il. ; </subfield>
      <subfield code="e">1 folleto (27 p.)</subfield>
    </datafield>
    <datafield tag="942" ind1=" " ind2=" ">
      <subfield code="c">BK</subfield>
    </datafield>
    <datafield tag="952" ind1=" " ind2=" ">
      <subfield code="a">BIB_UARG</subfield>
      <subfield code="b">BIB_UARG</subfield>
      <subfield code="d">2013-04-10</subfield>
      <subfield code="y">BK</subfield>
      <subfield code="p">05-44469</subfield>
    </datafield>
    <datafield tag="952" ind1=" " ind2=" ">
      <subfield code="a">BIB_UARG</subfield>
      <subfield code="b">BIB_UARG</subfield>
      <subfield code="d">2013-04-10</subfield>
      <subfield code="y">BK</subfield>
      <subfield code="p">05-44470</subfield>
    </datafield>
    <datafield tag="952" ind1=" " ind2=" ">
      <subfield code="a">BIB_UARG</subfield>
      <subfield code="b">BIB_UARG</subfield>
      <subfield code="d">2013-04-10</subfield>
      <subfield code="y">BK</subfield>
      <subfield code="p">05-44471</subfield>
    </datafield>
    <datafield tag="952" ind1=" " ind2=" ">
      <subfield code="a">BIB_UARG</subfield>
      <subfield code="b">BIB_UARG</subfield>
      <subfield code="d">2013-04-10</subfield>
      <subfield code="y">BK</subfield>
      <subfield code="p">05-44472</subfield>
    </datafield>
    <datafield tag="952" ind1=" " ind2=" ">
      <subfield code="a">BIB_UARG</subfield>
      <subfield code="b">BIB_UARG</subfield>
      <subfield code="d">2013-04-10</subfield>
      <subfield code="y">BK</subfield>
      <subfield code="p">05-44473</subfield>
    </datafield>
    <datafield tag="952" ind1=" " ind2=" ">
      <subfield code="a">BIB_UARG</subfield>
      <subfield code="b">BIB_UARG</subfield>
      <subfield code="d">2013-04-10</subfield>
      <subfield code="y">BK</subfield>
      <subfield code="p">05-44474</subfield>
    </datafield>
    <datafield tag="952" ind1=" " ind2=" ">
      <subfield code="a">BIB_UARG</subfield>
      <subfield code="b">BIB_UARG</subfield>
      <subfield code="d">2013-04-10</subfield>
      <subfield code="y">BK</subfield>
      <subfield code="p">05-44475</subfield>
    </datafield>
  </record>