
  <record>
    <leader>01000aam  22002601a 4500</leader>
    <controlfield tag="001">YPZ97392</controlfield>
    <controlfield tag="003">YPZ</controlfield>
    <controlfield tag="005">201304161233000</controlfield>
    <controlfield tag="008">130416|###########||||||b||||||||||spa|d</controlfield>
    <datafield tag="040" ind1=" " ind2=" ">
      <subfield code="c">SIUNPA</subfield>
    </datafield>
    <datafield tag="041" ind1=" " ind2=" ">
      <subfield code="a">spa</subfield>
    </datafield>
    <datafield tag="044" ind1=" " ind2=" ">
      <subfield code="a">AR</subfield>
    </datafield>
    <datafield tag="082" ind1=" " ind2=" ">
      <subfield code="a">94(82) G326un</subfield>
    </datafield>
    <datafield tag="100" ind1=" " ind2=" ">
      <subfield code="a">Gené, Marcela M..</subfield>
    </datafield>
    <datafield tag="245" ind1=" " ind2=" ">
      <subfield code="a">Un mundo feliz</subfield>
      <subfield code="b"> : las representaciones de los trabajadores en el primer peronismo (1946-1955)</subfield>
    </datafield>
    <datafield tag="260" ind1=" " ind2=" ">
      <subfield code="a">Victoria, Buenos Aires</subfield>
      <subfield code="b"> : Departamento de Humanidades, Universidad de San Andrés</subfield>
      <subfield code="c"> , 2002</subfield>
    </datafield>
    <datafield tag="440" ind1=" " ind2=" ">
      <subfield code="a">no. 24</subfield>
      <subfield code="v">Documentos de trabajo / Universidad de San Andrés</subfield>
    </datafield>
    <datafield tag="490" ind1=" " ind2=" ">
      <subfield code="a">no. 24</subfield>
      <subfield code="v">Documentos de trabajo / Universidad de San Andrés</subfield>
    </datafield>
    <datafield tag="500" ind1=" " ind2=" ">
      <subfield code="a">Resumen de la tesis de Maestría en Investigación Histórica, presentada en la Universidad de San Andrés, Buenos Aires, 2001-2002</subfield>
    </datafield>
    <datafield tag="942" ind1=" " ind2=" ">
      <subfield code="c">BK</subfield>
    </datafield>
    <datafield tag="952" ind1=" " ind2=" ">
      <subfield code="a">BIB_UARG</subfield>
      <subfield code="b">BIB_UARG</subfield>
      <subfield code="d">2013-04-16</subfield>
      <subfield code="y">BK</subfield>
      <subfield code="p">05-44446</subfield>
    </datafield>
  </record>