
  <record>
    <leader>01000aam  22002601a 4500</leader>
    <controlfield tag="001">YPZ97409</controlfield>
    <controlfield tag="003">YPZ</controlfield>
    <controlfield tag="005">201304161555160</controlfield>
    <controlfield tag="008">130416|###########||||||b||||||||||spa|d</controlfield>
    <datafield tag="020" ind1=" " ind2=" ">
      <subfield code="a">9871196032</subfield>
    </datafield>
    <datafield tag="040" ind1=" " ind2=" ">
      <subfield code="c">SIUNPA</subfield>
    </datafield>
    <datafield tag="041" ind1=" " ind2=" ">
      <subfield code="a">spa</subfield>
    </datafield>
    <datafield tag="044" ind1=" " ind2=" ">
      <subfield code="a">AR</subfield>
    </datafield>
    <datafield tag="082" ind1=" " ind2=" ">
      <subfield code="a">821.134.2(82).09</subfield>
    </datafield>
    <datafield tag="100" ind1=" " ind2=" ">
      <subfield code="a">Rodríguez, Susana Alicia Constanza.</subfield>
    </datafield>
    <datafield tag="700" ind1=" " ind2=" ">
      <subfield code="a">Álvarez Leguizamón, Sonia.</subfield>
    </datafield>
    <datafield tag="245" ind1=" " ind2=" ">
      <subfield code="a">Abordajes y perspectivas 2</subfield>
    </datafield>
    <datafield tag="260" ind1=" " ind2=" ">
      <subfield code="a">Salta</subfield>
      <subfield code="b"> : Secretaría de Cultura, Ministerio de Educación de la Provincia de Salta</subfield>
      <subfield code="c"> , 2004</subfield>
    </datafield>
    <datafield tag="505" ind1="0" ind2="0">
      <subfield code="g">p. 11-84</subfield>
      <subfield code="g">- SAER, JUAN JOSE (1937-2005)</subfield>
      <subfield code="r">Rodríguez, Susana Alicia C.</subfield>
      <subfield code="t">Cartografía de una lectura:la percepción y la representación de la alteridad en El entenado de Juan José Saer</subfield>
    </datafield>
    <datafield tag="505" ind1="0" ind2="0">
      <subfield code="g">p. 85-224</subfield>
      <subfield code="g">- POBREZA|- SALTA (ARGENTINA)</subfield>
      <subfield code="r">Álvarez Leguizamóm, Sonia</subfield>
      <subfield code="t">La pobreza:configuraciones sociales, relaciones de tutela y dispositivos de intervención (Salta, primera mitad del siglo XX)</subfield>
    </datafield>
    <datafield tag="773" ind1="0" ind2="#">
      <subfield code="a">Rodríguez, Susana Alicia C.</subfield>
      <subfield code="g">- SAER, JUAN JOSE (1937-2005)</subfield>
      <subfield code="h">p. 11-84</subfield>
      <subfield code="t">Cartografía de una lectura:la percepción y la representación de la alteridad en El entenado de Juan José Saer</subfield>
    </datafield>
    <datafield tag="773" ind1="0" ind2="#">
      <subfield code="a">Álvarez Leguizamóm, Sonia</subfield>
      <subfield code="g">- POBREZA|- SALTA (ARGENTINA)</subfield>
      <subfield code="h">p. 85-224</subfield>
      <subfield code="t">La pobreza:configuraciones sociales, relaciones de tutela y dispositivos de intervención (Salta, primera mitad del siglo XX)</subfield>
    </datafield>
    <datafield tag="942" ind1=" " ind2=" ">
      <subfield code="c">BK</subfield>
    </datafield>
    <datafield tag="952" ind1=" " ind2=" ">
      <subfield code="a">BIB_UACO</subfield>
      <subfield code="b">BIB_UACO</subfield>
      <subfield code="d">2013-04-11</subfield>
      <subfield code="y">BK</subfield>
      <subfield code="p">02-44492</subfield>
    </datafield>
  </record>